<collection xmlns="http://www.loc.gov/MARC21/slim">
<record>
  <leader>02181cam a2200325 i 4500</leader>
  <controlfield tag="001">21129627</controlfield>
  <controlfield tag="005">20200103165430.0</controlfield>
  <controlfield tag="008">190813s2020    enk      b    001 0 eng  </controlfield>
  <datafield tag="906" ind1=" " ind2=" ">
    <subfield code="a">7</subfield>
    <subfield code="b">cbc</subfield>
    <subfield code="c">orignew</subfield>
    <subfield code="d">1</subfield>
    <subfield code="e">ecip</subfield>
    <subfield code="f">20</subfield>
    <subfield code="g">y-gencatlg</subfield>
  </datafield>
  <datafield tag="925" ind1="0" ind2=" ">
    <subfield code="a">acquire</subfield>
    <subfield code="b">1 shelf copy</subfield>
    <subfield code="x">policy default</subfield>
  </datafield>
  <datafield tag="955" ind1=" " ind2=" ">
    <subfield code="b">rk10 2019-08-14</subfield>
    <subfield code="c">rk10 2019-08-14 (telework) to subject</subfield>
    <subfield code="d">rm03 2019-09-27</subfield>
    <subfield code="e">rm04 2019-09-30 to Dewey</subfield>
    <subfield code="w">xm06 2019-10-01</subfield>
    <subfield code="a">xn17 2019-11-26 1 copy rec&apos;d., to CIP ver.</subfield>
    <subfield code="f">rm16 2020-01-03 to CALM</subfield>
  </datafield>
  <datafield tag="010" ind1=" " ind2=" ">
    <subfield code="a">  2019032275</subfield>
  </datafield>
  <datafield tag="020" ind1=" " ind2=" ">
    <subfield code="a">9780367278809</subfield>
    <subfield code="q">(hardback)</subfield>
  </datafield>
  <datafield tag="020" ind1=" " ind2=" ">
    <subfield code="z">9780429298523</subfield>
    <subfield code="q">(ebook)</subfield>
  </datafield>
  <datafield tag="040" ind1=" " ind2=" ">
    <subfield code="a">DLC</subfield>
    <subfield code="b">eng</subfield>
    <subfield code="c">DLC</subfield>
    <subfield code="e">rda</subfield>
    <subfield code="d">DLC</subfield>
  </datafield>
  <datafield tag="042" ind1=" " ind2=" ">
    <subfield code="a">pcc</subfield>
  </datafield>
  <datafield tag="050" ind1="0" ind2="0">
    <subfield code="a">HV6431</subfield>
    <subfield code="b">.T5268 2020</subfield>
  </datafield>
  <datafield tag="082" ind1="0" ind2="0">
    <subfield code="a">363.325/16</subfield>
    <subfield code="2">23</subfield>
  </datafield>
  <datafield tag="245" ind1="0" ind2="0">
    <subfield code="a">Terrorist deradicalisation in global contexts :</subfield>
    <subfield code="b">success, failure, and continuity /</subfield>
    <subfield code="c">edited by Rohan Gunaratna, Sabariah Hussin.</subfield>
  </datafield>
  <datafield tag="264" ind1=" " ind2="1">
    <subfield code="a">London ;</subfield>
    <subfield code="a">New York :</subfield>
    <subfield code="b">Routledge, Taylor &amp; Francis Group,</subfield>
    <subfield code="c">2020.</subfield>
  </datafield>
  <datafield tag="300" ind1=" " ind2=" ">
    <subfield code="a">xix, 221 pages ;</subfield>
    <subfield code="c">25 cm.</subfield>
  </datafield>
  <datafield tag="336" ind1=" " ind2=" ">
    <subfield code="a">text</subfield>
    <subfield code="b">txt</subfield>
    <subfield code="2">rdacontent</subfield>
  </datafield>
  <datafield tag="337" ind1=" " ind2=" ">
    <subfield code="a">unmediated</subfield>
    <subfield code="b">n</subfield>
    <subfield code="2">rdamedia</subfield>
  </datafield>
  <datafield tag="338" ind1=" " ind2=" ">
    <subfield code="a">volume</subfield>
    <subfield code="b">nc</subfield>
    <subfield code="2">rdacarrier</subfield>
  </datafield>
  <datafield tag="490" ind1="0" ind2=" ">
    <subfield code="a">Routledge studies in the politics of disorder and instability</subfield>
  </datafield>
  <datafield tag="504" ind1=" " ind2=" ">
    <subfield code="a">Includes bibliographical references and index.</subfield>
  </datafield>
  <datafield tag="520" ind1=" " ind2=" ">
    <subfield code="a">&quot;A collection of case studies of terrorist rehabilitation programmes from around the world. This book examines the wide-ranging methodologies of terrorist deradicalisation initiatives adopted by different countries globally. It contextualises these programs as they were initiated and explains the factors that led to their relative success, failure or continuity. The different typology of rehabilitation modes acts a guide to establishing a framework and a starting point for any deradicalisation and rehabilitation programme. These case studies demonstrate practical examples of how the theories can be applied to achieve real results. An indispensable resource for researchers, practitioners and policy-makers in the field of Terrorist Deradicalisation and Rehabilitation&quot;--</subfield>
    <subfield code="c">Provided by publisher.</subfield>
  </datafield>
  <datafield tag="650" ind1=" " ind2="0">
    <subfield code="a">Terrorists</subfield>
    <subfield code="x">Rehabilitation</subfield>
    <subfield code="v">Case studies.</subfield>
  </datafield>
  <datafield tag="650" ind1=" " ind2="0">
    <subfield code="a">Terrorism</subfield>
    <subfield code="x">Prevention</subfield>
    <subfield code="v">Case studies.</subfield>
  </datafield>
  <datafield tag="700" ind1="1" ind2=" ">
    <subfield code="a">Gunaratna, Rohan,</subfield>
    <subfield code="d">1961-</subfield>
    <subfield code="e">editor.</subfield>
  </datafield>
</record>