
<record>
  <leader>05099cam a22004338i 4500</leader>
  <controlfield tag="001">21131018</controlfield>
  <controlfield tag="005">20200103104449.0</controlfield>
  <controlfield tag="008">190813s2019    ncu      b    000 0 eng  </controlfield>
  <datafield tag="906" ind1=" " ind2=" ">
    <subfield code="a">0</subfield>
    <subfield code="b">vip</subfield>
    <subfield code="c">orignew</subfield>
    <subfield code="d">1</subfield>
    <subfield code="e">ecip</subfield>
    <subfield code="f">20</subfield>
    <subfield code="g">y-gencatlg</subfield>
  </datafield>
  <datafield tag="925" ind1="0" ind2=" ">
    <subfield code="a">acquire</subfield>
    <subfield code="b">1 shelf copy</subfield>
    <subfield code="x">policy default</subfield>
  </datafield>
  <datafield tag="955" ind1=" " ind2=" ">
    <subfield code="b">re23 2019-08-13</subfield>
    <subfield code="i">re23 2019-08-13 to Dewey</subfield>
    <subfield code="w">xm09 2019-08-14</subfield>
    <subfield code="a">xn11 2020-01-03 1 copy rec&apos;d., to CIP ver.</subfield>
  </datafield>
  <datafield tag="010" ind1=" " ind2=" ">
    <subfield code="a">  2019018791</subfield>
  </datafield>
  <datafield tag="020" ind1=" " ind2=" ">
    <subfield code="a">9781641136716</subfield>
    <subfield code="q">(hardcover)</subfield>
  </datafield>
  <datafield tag="020" ind1=" " ind2=" ">
    <subfield code="a">9781641136709</subfield>
    <subfield code="q">(paperback)</subfield>
  </datafield>
  <datafield tag="020" ind1=" " ind2=" ">
    <subfield code="z">9781641136723</subfield>
    <subfield code="q">(ebook)</subfield>
  </datafield>
  <datafield tag="040" ind1=" " ind2=" ">
    <subfield code="a">DLC</subfield>
    <subfield code="b">eng</subfield>
    <subfield code="c">DLC</subfield>
    <subfield code="e">rda</subfield>
  </datafield>
  <datafield tag="042" ind1=" " ind2=" ">
    <subfield code="a">pcc</subfield>
  </datafield>
  <datafield tag="043" ind1=" " ind2=" ">
    <subfield code="a">n-us---</subfield>
  </datafield>
  <datafield tag="050" ind1="0" ind2="0">
    <subfield code="a">LB1028.3</subfield>
    <subfield code="b">.I56537 2019</subfield>
  </datafield>
  <datafield tag="082" ind1="0" ind2="0">
    <subfield code="a">371.33</subfield>
    <subfield code="2">23</subfield>
  </datafield>
  <datafield tag="245" ind1="0" ind2="0">
    <subfield code="a">Integrating digital technology in education :</subfield>
    <subfield code="b">school-university-community collaboration /</subfield>
    <subfield code="c">edited by R. Martin Reardon, Jack Leonard.</subfield>
  </datafield>
  <datafield tag="263" ind1=" " ind2=" ">
    <subfield code="a">1111</subfield>
  </datafield>
  <datafield tag="264" ind1=" " ind2="1">
    <subfield code="a">Charlotte, NC :</subfield>
    <subfield code="b">Information Age Publishing,</subfield>
    <subfield code="c">2019.</subfield>
  </datafield>
  <datafield tag="300" ind1=" " ind2=" ">
    <subfield code="a">pages cm</subfield>
  </datafield>
  <datafield tag="336" ind1=" " ind2=" ">
    <subfield code="a">text</subfield>
    <subfield code="b">txt</subfield>
    <subfield code="2">rdacontent</subfield>
  </datafield>
  <datafield tag="337" ind1=" " ind2=" ">
    <subfield code="a">unmediated</subfield>
    <subfield code="b">n</subfield>
    <subfield code="2">rdamedia</subfield>
  </datafield>
  <datafield tag="338" ind1=" " ind2=" ">
    <subfield code="a">volume</subfield>
    <subfield code="b">nc</subfield>
    <subfield code="2">rdacarrier</subfield>
  </datafield>
  <datafield tag="490" ind1="0" ind2=" ">
    <subfield code="a">Current perspectives on school/university/community research</subfield>
  </datafield>
  <datafield tag="490" ind1="0" ind2=" ">
    <subfield code="a">Contemporary perspectives on leadership development</subfield>
  </datafield>
  <datafield tag="504" ind1=" " ind2=" ">
    <subfield code="a">Includes bibliographical references.</subfield>
  </datafield>
  <datafield tag="505" ind1="0" ind2=" ">
    <subfield code="a">A curricular activity system for integrating computational thinking into music and visual arts in three rural middle schools : a Computer Science for All Initiative / R. Martin Reardon and Claire Davie Webb -- Teaching a computer to sing : integrating computing and music in an after-school program for middle school students / Daniel A. Walzer and Jesse M. Heines -- A multidisciplinary approach to incorporating computational thinking in STEM courses for preservice teachers / Jennifer E. Slate, Rachel F. Adler, Joseph E. Hibdon, Scott T. Mayle, Hanna Kim, and Sudha Srinivas -- The availability of pedagogical responses and the integration of computational thinking / Whitney Wall Bortz, Aakash Gautam, Deborah Tatar, Stephanie Rivale, and Kemper Lipscomb -- Developing elementary students&apos; problem solving, critical thinking, creativity, and collaboration through a university-school partnership / Nancy Streim, Susan Lowes, Elizabeth Herbert-Wasson, Yan Carlos Coln, Lalitha Vasudevan, Jung-Hyun Ahn, and Woonhee Sung -- Using technology to facilitate P-20 partnerships in rural communities / Elizabeth E. Smith, Heather Young, and Vinson Carter -- Tech inequity : preservice teachers combating the digital divide in an urban school- and community-based immersion program / Abiola Farinde-Wu and Aaron J. Griffen -- Integrating digital technology in education : a tech center in the U.S. borderland region / Lucia Chacon-Diaz and Susan Brown -- Collaborating with educators : video games to support alternative classroom pedagogies to support boys&apos; meaning-making / Carol-Ann Lane -- Digital school networks : technology integration as a joint research and development effort / Michael Kerres and Bettina Waffner -- Mutual benefits of partnerships among K-12 schools, universities, and communities to incorporate a computational thinking pedagogy in K-12 education / Ahlam Lee.</subfield>
  </datafield>
  <datafield tag="520" ind1=" " ind2=" ">
    <subfield code="a">&quot;This volume in the Current Perspectives on School/University/Community Research series brings together the perspectives of authors who are deeply committed to the integration of digital technology with teaching and learning. Authors were invited to discuss either a completed project, a work-in-progress, or a theoretical approach which aligned with one of the trends highlighted by the New Media Consortium&apos;s NMC/CoSN Horizon Report: 2017 K-12 Edition, or to consider how the confluence of interest and action (Thompson, Martinez, Clinton, &amp; Diaz, 2017) among school-university-community collaborative partners in the digital technology in education space resulted in improved outcomes for all--where &quot;all&quot; is broadly conceived and consists of the primary beneficiaries (the students) as well as the providers of the educational opportunities and various subsets of the community in which the integrative endeavors are enacted. The chapters in this volume are grouped into four sections: Section 1 includes two chapters that focus on computational thinking/coding in the arts (music and visual arts); Section 2 includes three chapters that focus on the instructor in the classroom, preservice teacher preparation, and pedagogy; Section 3 includes four chapters that focus on building the academic proficiency of students; and Section 4 includes two chapters that focus on the design and benefits of school-university-community collaboration&quot;--</subfield>
    <subfield code="c">Provided by publisher.</subfield>
  </datafield>
  <datafield tag="650" ind1=" " ind2="0">
    <subfield code="a">Education</subfield>
    <subfield code="x">Effect of technological innovations on.</subfield>
  </datafield>
  <datafield tag="650" ind1=" " ind2="0">
    <subfield code="a">Educational technology.</subfield>
  </datafield>
  <datafield tag="650" ind1=" " ind2="0">
    <subfield code="a">College-school cooperation</subfield>
    <subfield code="z">United States.</subfield>
  </datafield>
  <datafield tag="650" ind1=" " ind2="0">
    <subfield code="a">Community and college</subfield>
    <subfield code="z">United States.</subfield>
  </datafield>
  <datafield tag="700" ind1="1" ind2=" ">
    <subfield code="a">Reardon, R. Martin,</subfield>
    <subfield code="e">editor.</subfield>
  </datafield>
  <datafield tag="700" ind1="1" ind2=" ">
    <subfield code="a">Leonard, Jack,</subfield>
    <subfield code="d">1948-</subfield>
    <subfield code="e">editor.</subfield>
  </datafield>
  <datafield tag="776" ind1="0" ind2="8">
    <subfield code="i">Online version:</subfield>
    <subfield code="t">Integrating digital technology in education :</subfield>
    <subfield code="d">Charlotte, NC : Information Age Publishing, 2019.</subfield>
    <subfield code="z">9781641136723</subfield>
    <subfield code="w">(DLC) 2019980752</subfield>
  </datafield>
</record>