
<record>
  <leader>03853cam a22004578i 4500</leader>
  <controlfield tag="001">21132377</controlfield>
  <controlfield tag="005">20200103093927.0</controlfield>
  <controlfield tag="008">190808s2019    miu      b   s001 0beng c</controlfield>
  <datafield tag="906" ind1=" " ind2=" ">
    <subfield code="a">0</subfield>
    <subfield code="b">vip</subfield>
    <subfield code="c">orignew</subfield>
    <subfield code="d">1</subfield>
    <subfield code="e">ecip</subfield>
    <subfield code="f">20</subfield>
    <subfield code="g">y-gencatlg</subfield>
  </datafield>
  <datafield tag="925" ind1="0" ind2=" ">
    <subfield code="a">acquire</subfield>
    <subfield code="b">2 shelf copies</subfield>
    <subfield code="x">policy default</subfield>
  </datafield>
  <datafield tag="955" ind1=" " ind2=" ">
    <subfield code="b">2019-08-08</subfield>
    <subfield code="e">rf06 2019-08-15 (episodic telework) to Dewey</subfield>
    <subfield code="w">xm09 2019-08-16</subfield>
    <subfield code="a">xn11 2020-01-03 1 copy rec&apos;d., to CIP ver.</subfield>
  </datafield>
  <datafield tag="010" ind1=" " ind2=" ">
    <subfield code="a">  2019016056</subfield>
  </datafield>
  <datafield tag="020" ind1=" " ind2=" ">
    <subfield code="a">9780472131518</subfield>
    <subfield code="q">(hardcover)</subfield>
  </datafield>
  <datafield tag="020" ind1=" " ind2=" ">
    <subfield code="z">9780472125876</subfield>
    <subfield code="q">(ebook)</subfield>
  </datafield>
  <datafield tag="040" ind1=" " ind2=" ">
    <subfield code="a">LBSOR/DLC</subfield>
    <subfield code="b">eng</subfield>
    <subfield code="c">DLC</subfield>
    <subfield code="e">rda</subfield>
  </datafield>
  <datafield tag="042" ind1=" " ind2=" ">
    <subfield code="a">pcc</subfield>
  </datafield>
  <datafield tag="043" ind1=" " ind2=" ">
    <subfield code="a">n-us---</subfield>
  </datafield>
  <datafield tag="050" ind1="0" ind2="0">
    <subfield code="a">E175.5.S38</subfield>
    <subfield code="b">L47 2019</subfield>
  </datafield>
  <datafield tag="082" ind1="0" ind2="0">
    <subfield code="a">973.91092</subfield>
    <subfield code="a">B</subfield>
    <subfield code="2">23</subfield>
  </datafield>
  <datafield tag="100" ind1="1" ind2=" ">
    <subfield code="a">Lester, Emile,</subfield>
    <subfield code="e">author.</subfield>
  </datafield>
  <datafield tag="245" ind1="1" ind2="0">
    <subfield code="a">Liberalism and leadership :</subfield>
    <subfield code="b">the irony of Arthur Schlesinger, Jr. /</subfield>
    <subfield code="c">Emile Lester.</subfield>
  </datafield>
  <datafield tag="263" ind1=" " ind2=" ">
    <subfield code="a">1111</subfield>
  </datafield>
  <datafield tag="264" ind1=" " ind2="1">
    <subfield code="a">Ann Arbor :</subfield>
    <subfield code="b">University of Michigan Press,</subfield>
    <subfield code="c">[2019]</subfield>
  </datafield>
  <datafield tag="300" ind1=" " ind2=" ">
    <subfield code="a">pages cm</subfield>
  </datafield>
  <datafield tag="336" ind1=" " ind2=" ">
    <subfield code="a">text</subfield>
    <subfield code="b">txt</subfield>
    <subfield code="2">rdacontent</subfield>
  </datafield>
  <datafield tag="337" ind1=" " ind2=" ">
    <subfield code="a">unmediated</subfield>
    <subfield code="b">n</subfield>
    <subfield code="2">rdamedia</subfield>
  </datafield>
  <datafield tag="338" ind1=" " ind2=" ">
    <subfield code="a">volume</subfield>
    <subfield code="b">nc</subfield>
    <subfield code="2">rdacarrier</subfield>
  </datafield>
  <datafield tag="504" ind1=" " ind2=" ">
    <subfield code="a">Includes bibliographical references and index.</subfield>
  </datafield>
  <datafield tag="505" ind1="0" ind2=" ">
    <subfield code="a">Liberal irony and Burkean conservatism -- Ironic virtues and the liberal president -- Speaking loudly but carrying a small stick -- The terror and the hope -- Is ironic liberalism self-defeating? -- Conclusion: Was Obama too ironic or not ironic enough?</subfield>
  </datafield>
  <datafield tag="520" ind1=" " ind2=" ">
    <subfield code="a">&quot;A growing literature on the Presidency identifies the technical skills of Presidents by focusing on their political thought and moral values, often assuming a President&apos;s values and goals are the most crucial component of his moral thought and behavior. Arthur Schlesinger, Jr.&apos;s was an empiricist and historian whose work on the presidency shows that value commitments do not translate smoothly into policy achievements. Possessing the dispositions and skills to address setbacks and unexpected crises was as vital to Franklin Roosevelt&apos;s and John Kennedy&apos;s accomplishments as their liberal moral views. At the same time, Schlesinger implied several key skills Roosevelt and Kennedy demonstrated were moral virtues rather than mere techniques intended to enhance the President&apos;s power. Schlesinger&apos;s moral framework relies on insights about trends in American history to argue Roosevelt&apos;s and Kennedy&apos;s ironic virtues often helped them avoid dangerous illusions to which Americans have been prone to succumb. Appreciating the history-based regime analysis at the heart of Schlesinger&apos;s liberalism opens up a new avenue of presidential analysis and may offer a path forward. In an age where external, institutional checks on the Presidency continue to dwindle, internal checks on Presidential overreach become all the more necessary. Schlesinger may have acknowledged and often championed the expansion of the President&apos;s institutional powers, but he also urged liberal leaders to cultivate ironic virtues to prevent these powers&apos; abuse. That his counsel was grounded in conservative insights as well as liberal values makes it accessible to leaders across the political spectrum&quot;--</subfield>
    <subfield code="c">Provided by publisher.</subfield>
  </datafield>
  <datafield tag="600" ind1="1" ind2="0">
    <subfield code="a">Schlesinger, Arthur M.,</subfield>
    <subfield code="c">Jr.</subfield>
    <subfield code="q">(Arthur Meier),</subfield>
    <subfield code="d">1917-2007.</subfield>
  </datafield>
  <datafield tag="600" ind1="1" ind2="0">
    <subfield code="a">Roosevelt, Franklin D.</subfield>
    <subfield code="q">(Franklin Delano),</subfield>
    <subfield code="d">1882-1945.</subfield>
  </datafield>
  <datafield tag="600" ind1="1" ind2="0">
    <subfield code="a">Kennedy, John F.</subfield>
    <subfield code="q">(John Fitzgerald),</subfield>
    <subfield code="d">1917-1963.</subfield>
  </datafield>
  <datafield tag="650" ind1=" " ind2="0">
    <subfield code="a">Presidents</subfield>
    <subfield code="z">United States</subfield>
    <subfield code="x">History</subfield>
    <subfield code="y">20th century.</subfield>
  </datafield>
  <datafield tag="650" ind1=" " ind2="0">
    <subfield code="a">Liberalism</subfield>
    <subfield code="z">United States</subfield>
    <subfield code="x">History</subfield>
    <subfield code="y">20th century.</subfield>
  </datafield>
  <datafield tag="650" ind1=" " ind2="0">
    <subfield code="a">Political leadership</subfield>
    <subfield code="z">United States</subfield>
    <subfield code="x">History</subfield>
    <subfield code="y">20th century.</subfield>
  </datafield>
  <datafield tag="650" ind1=" " ind2="0">
    <subfield code="a">Irony</subfield>
    <subfield code="x">Political aspects</subfield>
    <subfield code="z">United States</subfield>
    <subfield code="x">History.</subfield>
  </datafield>
  <datafield tag="650" ind1=" " ind2="0">
    <subfield code="a">Executive power</subfield>
    <subfield code="z">United States</subfield>
    <subfield code="x">History.</subfield>
  </datafield>
  <datafield tag="651" ind1=" " ind2="0">
    <subfield code="a">United States</subfield>
    <subfield code="x">Historiography.</subfield>
  </datafield>
  <datafield tag="776" ind1="0" ind2="8">
    <subfield code="i">Online version:</subfield>
    <subfield code="a">Lester, Emile.</subfield>
    <subfield code="t">Liberalism and leadership.</subfield>
    <subfield code="d">Ann Arbor : University of Michigan Press, [2019]</subfield>
    <subfield code="z">9780472125876</subfield>
    <subfield code="w">(DLC)  2019981094</subfield>
  </datafield>
  <datafield tag="985" ind1=" " ind2=" ">
    <subfield code="a">LBSORCIP</subfield>
    <subfield code="d">2019-08-08</subfield>
  </datafield>
</record>