
<record>
  <leader>04353cam a22004458i 4500</leader>
  <controlfield tag="001">21133232</controlfield>
  <controlfield tag="005">20200103110953.0</controlfield>
  <controlfield tag="008">190807s2020    ne            001 0 eng  </controlfield>
  <datafield tag="906" ind1=" " ind2=" ">
    <subfield code="a">0</subfield>
    <subfield code="b">vip</subfield>
    <subfield code="c">orignew</subfield>
    <subfield code="d">1</subfield>
    <subfield code="e">ecip</subfield>
    <subfield code="f">20</subfield>
    <subfield code="g">y-gencatlg</subfield>
  </datafield>
  <datafield tag="925" ind1="0" ind2=" ">
    <subfield code="a">acquire</subfield>
    <subfield code="b">1 shelf copy</subfield>
    <subfield code="x">policy default</subfield>
  </datafield>
  <datafield tag="955" ind1=" " ind2=" ">
    <subfield code="b">MdRoLAC 2019-08-05</subfield>
    <subfield code="e">rk02 2019-08-21 to Dewey</subfield>
    <subfield code="w">xm07 2019-08-21</subfield>
    <subfield code="a">xn11 2020-01-03 1 copy rec&apos;d., to CIP ver.</subfield>
  </datafield>
  <datafield tag="010" ind1=" " ind2=" ">
    <subfield code="a">  2019033484</subfield>
  </datafield>
  <datafield tag="020" ind1=" " ind2=" ">
    <subfield code="a">9789004416819</subfield>
    <subfield code="q">(hardback)</subfield>
  </datafield>
  <datafield tag="020" ind1=" " ind2=" ">
    <subfield code="z">9789004416826</subfield>
    <subfield code="q">(ebook)</subfield>
  </datafield>
  <datafield tag="040" ind1=" " ind2=" ">
    <subfield code="a">LBSOR/DLC</subfield>
    <subfield code="b">eng</subfield>
    <subfield code="c">DLC</subfield>
    <subfield code="e">rda</subfield>
  </datafield>
  <datafield tag="042" ind1=" " ind2=" ">
    <subfield code="a">pcc</subfield>
  </datafield>
  <datafield tag="043" ind1=" " ind2=" ">
    <subfield code="a">ei-----</subfield>
  </datafield>
  <datafield tag="050" ind1="0" ind2="0">
    <subfield code="a">BL639</subfield>
    <subfield code="b">.F67 2020</subfield>
  </datafield>
  <datafield tag="082" ind1="0" ind2="0">
    <subfield code="a">204/.2</subfield>
    <subfield code="2">23</subfield>
  </datafield>
  <datafield tag="245" ind1="0" ind2="0">
    <subfield code="a">Forced conversion in Christianity, Judaism and Islam :</subfield>
    <subfield code="b">coercion and faith in premodern Iberia and beyond /</subfield>
    <subfield code="c">edited by Mercedes García-Arenal, Yonatan Glazer-Eytan.</subfield>
  </datafield>
  <datafield tag="263" ind1=" " ind2=" ">
    <subfield code="a">1111</subfield>
  </datafield>
  <datafield tag="264" ind1=" " ind2="1">
    <subfield code="a">Leiden ;</subfield>
    <subfield code="a">Boston :</subfield>
    <subfield code="b">Brill,</subfield>
    <subfield code="c">[2020]</subfield>
  </datafield>
  <datafield tag="300" ind1=" " ind2=" ">
    <subfield code="a">pages cm.</subfield>
  </datafield>
  <datafield tag="336" ind1=" " ind2=" ">
    <subfield code="a">text</subfield>
    <subfield code="b">txt</subfield>
    <subfield code="2">rdacontent</subfield>
  </datafield>
  <datafield tag="337" ind1=" " ind2=" ">
    <subfield code="a">unmediated</subfield>
    <subfield code="b">n</subfield>
    <subfield code="2">rdamedia</subfield>
  </datafield>
  <datafield tag="338" ind1=" " ind2=" ">
    <subfield code="a">volume</subfield>
    <subfield code="b">nc</subfield>
    <subfield code="2">rdacarrier</subfield>
  </datafield>
  <datafield tag="490" ind1="0" ind2=" ">
    <subfield code="a">Numen book series : studies in the history of religions,</subfield>
    <subfield code="x">0169-8834 ;</subfield>
    <subfield code="v">volume 164</subfield>
  </datafield>
  <datafield tag="500" ind1=" " ind2=" ">
    <subfield code="a">Includes index.</subfield>
  </datafield>
  <datafield tag="505" ind1="0" ind2=" ">
    <subfield code="a">Introduction: forced conversion and the reshaping of Judaism, Christianity and Islam: tradition, interpretation, history / Mercedes García-Arenal and Yonatan Glazer-Eytan -- Uses and echoes of Visigothic conciliar legislation in the scholastic controversy on forced baptism (thirteenth and fourteenth centuries) / Elsa Marmursztejn -- &quot;Qui ex iudeis sunt&quot;: Visigothic law and the discrimination against conversos in late medieval Spain / Rosa Vidal Doval -- Theorizing coercion and consent in conversion, apostasy, ordination, and marriage (sixteenth and seventeenth centuries) / Isabelle Poutrin -- Again on forced conversion in the Almohad period / Maribel Fierro -- The intellectual genealogy of Almohad policy towards Christians and Jews / David J. Wasserstein -- Medieval Jewish perspectives on Almohad persecutions: memory, repression and impact / Alan Verskin -- On the road to 1391? Abner of Burgos / Alfonso of Valladolid on forced conversion / Ryan Szpiech -- The development of a new language of conversion in fifteenth-century Sephardic Jewry / Ram Ben-Shalom -- Incriminating the Judaizer: inquisitors, intentionality, and the problem of religious ambiguity after forced conversion / Yonatan Glazer-Eytan -- The coerced conversion of convicted Jewish criminals in fifteenth-century Italy / Tamar Herzig -- &quot;Neither through habits, nor solely through will, but through infused faith&quot;: Hernando de Talavera&apos;s understanding of conversion / Davide Scotto -- Remembering the forced baptism of Jews: law, theology, and history in sixteenth-century Portugal / Giuseppe Marcocci -- Theologies of baptism and forced conversion: the case of the Muslims of Valencia and their children / Mercedes García-Arenal -- Epilogue: conversion and the force of history / David Nirenberg.</subfield>
  </datafield>
  <datafield tag="520" ind1=" " ind2=" ">
    <subfield code="a">&quot;Focusing on the Iberian Peninsula but examining related European and Mediterranean contexts as well, Forced Conversion in Christianity, Judaism and Islam traces how Christians, Jews, and Muslims grappled with the contradictory phenomenon of faith brought about by constraint and compulsion. Forced conversion brought into sharp relief the tensions among the accepted notion of faith as a voluntary act, the desire to maintain &quot;pure&quot; communities, and the universal truth claims of radical monotheism. Offering a comparative view of an important yet insufficiently studied phenomenon in the history of religions, this collection of essays explores the ways in which religion and violence reshaped these three religions and the ways we understand them today&quot;--</subfield>
    <subfield code="c">Provided by publisher.</subfield>
  </datafield>
  <datafield tag="650" ind1=" " ind2="0">
    <subfield code="a">Conversion</subfield>
    <subfield code="x">Christianity</subfield>
    <subfield code="x">History</subfield>
    <subfield code="y">To 1500.</subfield>
  </datafield>
  <datafield tag="650" ind1=" " ind2="0">
    <subfield code="a">Conversion</subfield>
    <subfield code="x">Judaism</subfield>
    <subfield code="x">History</subfield>
    <subfield code="y">To 1500.</subfield>
  </datafield>
  <datafield tag="650" ind1=" " ind2="0">
    <subfield code="a">Conversion</subfield>
    <subfield code="x">Islam</subfield>
    <subfield code="x">History</subfield>
    <subfield code="y">To 1500.</subfield>
  </datafield>
  <datafield tag="650" ind1=" " ind2="0">
    <subfield code="a">Religions</subfield>
    <subfield code="x">Relations</subfield>
    <subfield code="x">History</subfield>
    <subfield code="y">To 1500.</subfield>
  </datafield>
  <datafield tag="651" ind1=" " ind2="0">
    <subfield code="a">Iberian Peninsula</subfield>
    <subfield code="x">Religion.</subfield>
  </datafield>
  <datafield tag="651" ind1=" " ind2="0">
    <subfield code="a">Iberian Peninsula</subfield>
    <subfield code="x">Civilization.</subfield>
  </datafield>
  <datafield tag="700" ind1="1" ind2=" ">
    <subfield code="a">García-Arenal, Mercedes,</subfield>
    <subfield code="e">editor.</subfield>
  </datafield>
  <datafield tag="700" ind1="1" ind2=" ">
    <subfield code="a">Glazer-Eytan, Yonatan,</subfield>
    <subfield code="e">editor.</subfield>
  </datafield>
  <datafield tag="776" ind1="0" ind2="8">
    <subfield code="i">Online version:</subfield>
    <subfield code="t">Forced conversion in Christianity, Judaism and Islam.</subfield>
    <subfield code="d">Leiden ; Boston : Brill, [2020]</subfield>
    <subfield code="z">9789004416826</subfield>
    <subfield code="w">(DLC)  2019033485</subfield>
  </datafield>
  <datafield tag="985" ind1=" " ind2=" ">
    <subfield code="a">LBSORCIP</subfield>
    <subfield code="d">2019-08-14</subfield>
  </datafield>
</record>