
<record>
  <leader>02479cam a2200553 i 4500</leader>
  <controlfield tag="001">21138531</controlfield>
  <controlfield tag="005">20200103165851.0</controlfield>
  <controlfield tag="008">190717s2019    it ae    bc   001 0 ita c</controlfield>
  <datafield tag="906" ind1=" " ind2=" ">
    <subfield code="a">7</subfield>
    <subfield code="b">cbc</subfield>
    <subfield code="c">pccadap</subfield>
    <subfield code="d">2</subfield>
    <subfield code="e">ncip</subfield>
    <subfield code="f">20</subfield>
    <subfield code="g">y-gencatlg</subfield>
  </datafield>
  <datafield tag="925" ind1="0" ind2=" ">
    <subfield code="a">acquire</subfield>
    <subfield code="b">1 shelf copy</subfield>
    <subfield code="x">policy default</subfield>
  </datafield>
  <datafield tag="955" ind1=" " ind2=" ">
    <subfield code="a">ve08 2019-08-16</subfield>
    <subfield code="b">bd19 2019-09-12</subfield>
    <subfield code="b">bd15 2019-11-05 z-processor</subfield>
    <subfield code="i">bd 15 2019-11-06 to Dewey</subfield>
    <subfield code="w">xm09 2020-01-03</subfield>
  </datafield>
  <datafield tag="010" ind1=" " ind2=" ">
    <subfield code="a">  2019448637</subfield>
  </datafield>
  <datafield tag="020" ind1=" " ind2=" ">
    <subfield code="a">9788865574379</subfield>
  </datafield>
  <datafield tag="020" ind1=" " ind2=" ">
    <subfield code="a">8865574372</subfield>
  </datafield>
  <datafield tag="035" ind1=" " ind2=" ">
    <subfield code="a">(OCoLC)on1110593901</subfield>
  </datafield>
  <datafield tag="040" ind1=" " ind2=" ">
    <subfield code="a">C3L</subfield>
    <subfield code="b">eng</subfield>
    <subfield code="c">C3L</subfield>
    <subfield code="e">rda</subfield>
    <subfield code="d">FXM</subfield>
    <subfield code="d">OCLCF</subfield>
    <subfield code="d">NLGGC</subfield>
    <subfield code="d">DLC</subfield>
  </datafield>
  <datafield tag="042" ind1=" " ind2=" ">
    <subfield code="a">pcc</subfield>
  </datafield>
  <datafield tag="043" ind1=" " ind2=" ">
    <subfield code="a">e-it---</subfield>
  </datafield>
  <datafield tag="050" ind1="0" ind2="0">
    <subfield code="a">ND454</subfield>
    <subfield code="b">.P35 2019</subfield>
  </datafield>
  <datafield tag="082" ind1="0" ind2="0">
    <subfield code="a">759.4</subfield>
    <subfield code="2">23</subfield>
  </datafield>
  <datafield tag="245" ind1="0" ind2="0">
    <subfield code="a">Palazzo Colonna :</subfield>
    <subfield code="b">appartamento principessa Isabelle : catalogo dei dipinti /</subfield>
    <subfield code="c">a cura di Mauro Natale ; con la collaborazione di Patrizia Piergiovanni ; prefazione, Prospero Colonna ; saggi di Mauro Natale, Giovanna Capitelli, Laura Laureati, Tiziana Checchi.</subfield>
  </datafield>
  <datafield tag="246" ind1="3" ind2="0">
    <subfield code="a">Appartamento principessa Isabelle :</subfield>
    <subfield code="b">catalogo dei dipinti</subfield>
  </datafield>
  <datafield tag="264" ind1=" " ind2="1">
    <subfield code="a">Roma :</subfield>
    <subfield code="b">De Luca editori d&apos;arte,</subfield>
    <subfield code="c">[2019]</subfield>
  </datafield>
  <datafield tag="300" ind1=" " ind2=" ">
    <subfield code="a">415 pages :</subfield>
    <subfield code="b">illustrations (chiefly color), plans ;</subfield>
    <subfield code="c">25 cm</subfield>
  </datafield>
  <datafield tag="336" ind1=" " ind2=" ">
    <subfield code="a">text</subfield>
    <subfield code="b">txt</subfield>
    <subfield code="2">rdacontent</subfield>
  </datafield>
  <datafield tag="336" ind1=" " ind2=" ">
    <subfield code="a">still image</subfield>
    <subfield code="b">sti</subfield>
    <subfield code="2">rdacontent</subfield>
  </datafield>
  <datafield tag="337" ind1=" " ind2=" ">
    <subfield code="a">unmediated</subfield>
    <subfield code="b">n</subfield>
    <subfield code="2">rdamedia</subfield>
  </datafield>
  <datafield tag="338" ind1=" " ind2=" ">
    <subfield code="a">volume</subfield>
    <subfield code="b">nc</subfield>
    <subfield code="2">rdacarrier</subfield>
  </datafield>
  <datafield tag="504" ind1=" " ind2=" ">
    <subfield code="a">Includes bibliographical references (pages 388-405) and indexes.</subfield>
  </datafield>
  <datafield tag="650" ind1=" " ind2="0">
    <subfield code="a">Painting, European</subfield>
    <subfield code="v">Catalogs.</subfield>
  </datafield>
  <datafield tag="600" ind1="3" ind2="0">
    <subfield code="a">Colonna family</subfield>
    <subfield code="x">Art collections</subfield>
    <subfield code="v">Catalogs.</subfield>
  </datafield>
  <datafield tag="610" ind1="2" ind2="0">
    <subfield code="a">Palazzo Colonna (Rome, Italy)</subfield>
    <subfield code="v">Catalogs.</subfield>
  </datafield>
  <datafield tag="650" ind1=" " ind2="0">
    <subfield code="a">Painting</subfield>
    <subfield code="x">Private collections</subfield>
    <subfield code="z">Italy</subfield>
    <subfield code="z">Rome</subfield>
    <subfield code="v">Catalogs.</subfield>
  </datafield>
  <datafield tag="600" ind1="1" ind2="4">
    <subfield code="a">Colonna, Isabelle.</subfield>
  </datafield>
  <datafield tag="610" ind1="2" ind2="4">
    <subfield code="a">Palazzo Colonna.</subfield>
  </datafield>
  <datafield tag="600" ind1="3" ind2="7">
    <subfield code="a">Colonna family.</subfield>
    <subfield code="2">fast</subfield>
    <subfield code="0">(OCoLC)fst00262601</subfield>
  </datafield>
  <datafield tag="610" ind1="2" ind2="7">
    <subfield code="a">Palazzo Colonna (Rome, Italy)</subfield>
    <subfield code="2">fast</subfield>
    <subfield code="0">(OCoLC)fst00758813</subfield>
  </datafield>
  <datafield tag="650" ind1=" " ind2="7">
    <subfield code="a">Art</subfield>
    <subfield code="x">Private collections.</subfield>
    <subfield code="2">fast</subfield>
    <subfield code="0">(OCoLC)fst00815314</subfield>
  </datafield>
  <datafield tag="650" ind1=" " ind2="7">
    <subfield code="a">Painting, European.</subfield>
    <subfield code="2">fast</subfield>
    <subfield code="0">(OCoLC)fst01050808</subfield>
  </datafield>
  <datafield tag="650" ind1=" " ind2="7">
    <subfield code="a">Painting</subfield>
    <subfield code="x">Private collections.</subfield>
    <subfield code="2">fast</subfield>
    <subfield code="0">(OCoLC)fst01050606</subfield>
  </datafield>
  <datafield tag="651" ind1=" " ind2="7">
    <subfield code="a">Italy</subfield>
    <subfield code="z">Rome.</subfield>
    <subfield code="2">fast</subfield>
    <subfield code="0">(OCoLC)fst01204500</subfield>
  </datafield>
  <datafield tag="655" ind1=" " ind2="7">
    <subfield code="a">Catalogs.</subfield>
    <subfield code="2">fast</subfield>
    <subfield code="0">(OCoLC)fst01423692</subfield>
  </datafield>
  <datafield tag="700" ind1="1" ind2=" ">
    <subfield code="a">Natale, Mauro,</subfield>
    <subfield code="e">editor,</subfield>
    <subfield code="e">writer of added text.</subfield>
  </datafield>
  <datafield tag="700" ind1="1" ind2=" ">
    <subfield code="a">Piergiovanni, Patrizia,</subfield>
    <subfield code="e">writer of added text.</subfield>
  </datafield>
  <datafield tag="700" ind1="1" ind2=" ">
    <subfield code="a">Capitelli, Giovanna,</subfield>
    <subfield code="e">writer of addd text.</subfield>
  </datafield>
  <datafield tag="700" ind1="1" ind2=" ">
    <subfield code="a">Laureati, Laura,</subfield>
    <subfield code="e">writer of addd text.</subfield>
  </datafield>
  <datafield tag="700" ind1="1" ind2=" ">
    <subfield code="a">Checchi, Tiziana,</subfield>
    <subfield code="e">writer of addd text.</subfield>
  </datafield>
  <datafield tag="923" ind1=" " ind2=" ">
    <subfield code="d">20190809</subfield>
    <subfield code="n">19-30676</subfield>
    <subfield code="s">93001782</subfield>
  </datafield>
  <datafield tag="985" ind1=" " ind2=" ">
    <subfield code="e">VENDOR LOAD</subfield>
  </datafield>
</record>