
<record>
  <leader>02861cam a22003975i 4500</leader>
  <controlfield tag="001">21139724</controlfield>
  <controlfield tag="005">20200103142751.0</controlfield>
  <controlfield tag="008">181207t20172017mx       b    000 0 spa  </controlfield>
  <datafield tag="906" ind1=" " ind2=" ">
    <subfield code="a">0</subfield>
    <subfield code="b">ibc</subfield>
    <subfield code="c">origres</subfield>
    <subfield code="d">2</subfield>
    <subfield code="e">ncip</subfield>
    <subfield code="f">20</subfield>
    <subfield code="g">y-gencatlg</subfield>
  </datafield>
  <datafield tag="925" ind1="0" ind2=" ">
    <subfield code="a">acquire</subfield>
    <subfield code="b">1 shelf copy</subfield>
    <subfield code="x">policy default</subfield>
  </datafield>
  <datafield tag="955" ind1=" " ind2=" ">
    <subfield code="a">ve07 2019-09-16</subfield>
    <subfield code="b">bf27 2019-09-30 to ALAWE/MCAC</subfield>
  </datafield>
  <datafield tag="010" ind1=" " ind2=" ">
    <subfield code="a">  2019415833</subfield>
  </datafield>
  <datafield tag="020" ind1=" " ind2=" ">
    <subfield code="a">9786079471156</subfield>
  </datafield>
  <datafield tag="035" ind1=" " ind2=" ">
    <subfield code="a">(Mx-MxBF)bfm970185813</subfield>
  </datafield>
  <datafield tag="040" ind1=" " ind2=" ">
    <subfield code="a">DLC</subfield>
    <subfield code="b">eng</subfield>
    <subfield code="e">rda</subfield>
    <subfield code="c">DLC</subfield>
  </datafield>
  <datafield tag="042" ind1=" " ind2=" ">
    <subfield code="a">pcc</subfield>
  </datafield>
  <datafield tag="043" ind1=" " ind2=" ">
    <subfield code="a">n-mx---</subfield>
  </datafield>
  <datafield tag="050" ind1="0" ind2="0">
    <subfield code="a">HV555.M6</subfield>
  </datafield>
  <datafield tag="245" ind1="0" ind2="0">
    <subfield code="a">Grandes desastres de la Ciudad de México /</subfield>
    <subfield code="c">Héctor de Mauleón, coordinador.</subfield>
  </datafield>
  <datafield tag="250" ind1=" " ind2=" ">
    <subfield code="a">Primera edición.</subfield>
  </datafield>
  <datafield tag="264" ind1=" " ind2="1">
    <subfield code="a">[Mexico] :</subfield>
    <subfield code="b">Ediciones Atrasalante :</subfield>
    <subfield code="b">Fideicomiso Centro Histórico de la CDMX,</subfield>
    <subfield code="c">[2017]</subfield>
  </datafield>
  <datafield tag="264" ind1=" " ind2="4">
    <subfield code="c">©2017</subfield>
  </datafield>
  <datafield tag="300" ind1=" " ind2=" ">
    <subfield code="a">216 pages ;</subfield>
    <subfield code="c">21 cm.</subfield>
  </datafield>
  <datafield tag="336" ind1=" " ind2=" ">
    <subfield code="a">text</subfield>
    <subfield code="b">txt</subfield>
    <subfield code="2">rdacontent</subfield>
  </datafield>
  <datafield tag="337" ind1=" " ind2=" ">
    <subfield code="a">unmediated</subfield>
    <subfield code="b">n</subfield>
    <subfield code="2">rdamedia</subfield>
  </datafield>
  <datafield tag="338" ind1=" " ind2=" ">
    <subfield code="a">volume</subfield>
    <subfield code="b">nc</subfield>
    <subfield code="2">rdacarrier</subfield>
  </datafield>
  <datafield tag="490" ind1="0" ind2=" ">
    <subfield code="a">Atrasalante popular ;</subfield>
    <subfield code="v">001</subfield>
  </datafield>
  <datafield tag="504" ind1=" " ind2=" ">
    <subfield code="a">Includes bibliographical references (pages 215-216).</subfield>
  </datafield>
  <datafield tag="505" ind1="0" ind2=" ">
    <subfield code="a">Espejos rotos / Héctor de Mauleón -- La caIda de Tenochtitlan de acuerdo con informantes indIgenas / Fray Bernardino de SahagUn -- Las diez plagas de las Indias / Fray Torbio de Benavente -- La inundaciOn de 1629 / Fray Alonso Franco -- Incendios memorables / Luis González Obregón -- El motIn de 1692 / Carlos de SigUneza y GOngora -- La epidemia de 1737 / Cayetano Cabrera Quintero -- La epidemia de cOlera de 1833 / Guillermo Prieto -- El temblor de San Epifanio / ConcepciOn Lombardo de MiramOn -- La ocupaciOn de MExico / Guillermo Prieto -- De temblores, rayos y centellas / Alejandro Rosas -- De temblores, rayos y centellas / Alejandro Rosas -- El temblor maderista / El Imparcial -- En plena Decena TrAgica / JosE Juan Tablada -- El hambre y la peste : dos desatres de los aNos idez / HEctor de MauleOn -- La caIda del Angel / Eduardo MejIa -- El terrmoto de 1985 : el dIa que cambiO la noche / JosE luis MartInez -- Zona cero : el terremoto de septimbre de 2017 / Rafael PERez Gay.</subfield>
  </datafield>
  <datafield tag="520" ind1=" " ind2=" ">
    <subfield code="a">Anthology of chronicles describing great human tragedies and natural phenomena that have shaped Mexico City since pre-Hispanic age. Told in voices of well-known writers and historical figures who witnessed them (Guillermo Prieto, Carlos de Siguenza y Gongora, Juan José Tablada, José Luis Martinez, et al.), texts provide first-hand accounts of events ranging from fall of Tenochtitlan, great flood of 1629, plagues and epidemics, rioting, military occupation, earthquakes and others.</subfield>
  </datafield>
  <datafield tag="650" ind1=" " ind2="0">
    <subfield code="a">Disasters</subfield>
    <subfield code="z">Mexico</subfield>
    <subfield code="z">Mexico City</subfield>
    <subfield code="x">History.</subfield>
  </datafield>
  <datafield tag="650" ind1=" " ind2="0">
    <subfield code="a">Natural disasters</subfield>
    <subfield code="x">Social aspects</subfield>
    <subfield code="z">Mexico</subfield>
    <subfield code="z">Mexico City</subfield>
    <subfield code="x">History.</subfield>
  </datafield>
  <datafield tag="651" ind1=" " ind2="0">
    <subfield code="a">Mexico City (Mexico)</subfield>
    <subfield code="x">History.</subfield>
  </datafield>
  <datafield tag="700" ind1="1" ind2=" ">
    <subfield code="a">Mauleón, Héctor de,</subfield>
    <subfield code="d">1963-</subfield>
    <subfield code="e">editor.</subfield>
  </datafield>
  <datafield tag="923" ind1=" " ind2=" ">
    <subfield code="d">20190710</subfield>
    <subfield code="n">84185</subfield>
    <subfield code="s">Mx-MxBFM</subfield>
  </datafield>
  <datafield tag="985" ind1=" " ind2=" ">
    <subfield code="e">VENDOR LOAD</subfield>
  </datafield>
</record>