
<record>
  <leader>02043cam a22004217i 4500</leader>
  <controlfield tag="001">21140728</controlfield>
  <controlfield tag="005">20200103152414.0</controlfield>
  <controlfield tag="008">190819s2018    cauab        s000 0 eng d</controlfield>
  <datafield tag="906" ind1=" " ind2=" ">
    <subfield code="a">7</subfield>
    <subfield code="b">cbc</subfield>
    <subfield code="c">copycat</subfield>
    <subfield code="d">2</subfield>
    <subfield code="e">ncip</subfield>
    <subfield code="f">20</subfield>
    <subfield code="g">y-gencatlg</subfield>
  </datafield>
  <datafield tag="925" ind1="0" ind2=" ">
    <subfield code="a">acquire</subfield>
    <subfield code="b">1 shelf copy</subfield>
    <subfield code="x">policy default</subfield>
  </datafield>
  <datafield tag="955" ind1=" " ind2=" ">
    <subfield code="b">hk03 2019-08-19 z-processor</subfield>
    <subfield code="i">hk15 2020-01-03 to Dewey</subfield>
  </datafield>
  <datafield tag="010" ind1=" " ind2=" ">
    <subfield code="a">  2019410929</subfield>
  </datafield>
  <datafield tag="035" ind1=" " ind2=" ">
    <subfield code="a">(OCoLC)on1101432457</subfield>
  </datafield>
  <datafield tag="040" ind1=" " ind2=" ">
    <subfield code="a">CEC</subfield>
    <subfield code="b">eng</subfield>
    <subfield code="c">CEC</subfield>
    <subfield code="e">rda</subfield>
    <subfield code="d">CUY</subfield>
    <subfield code="d">CAX</subfield>
    <subfield code="d">OCLCF</subfield>
    <subfield code="d">DLC</subfield>
  </datafield>
  <datafield tag="042" ind1=" " ind2=" ">
    <subfield code="a">lccopycat</subfield>
  </datafield>
  <datafield tag="043" ind1=" " ind2=" ">
    <subfield code="a">n-us-ca</subfield>
  </datafield>
  <datafield tag="050" ind1="0" ind2="0">
    <subfield code="a">TK1081</subfield>
    <subfield code="b">.T385 2018</subfield>
  </datafield>
  <datafield tag="086" ind1=" " ind2=" ">
    <subfield code="a">E2015.P86 S7372</subfield>
    <subfield code="2">cadocs</subfield>
  </datafield>
  <datafield tag="088" ind1=" " ind2=" ">
    <subfield code="a">CEC-500-2018-029</subfield>
  </datafield>
  <datafield tag="245" ind1="0" ind2="0">
    <subfield code="a">Technical feasibility of compressed air energy storage using a porous rock reservoir :</subfield>
    <subfield code="b">final project report /</subfield>
    <subfield code="c">prepared by Pacific Gas and Electric Company ; primary authors, Michael Medeiros [and fourteen others] ; prepared for California Energy Commission, Energy Research and Development Division.</subfield>
  </datafield>
  <datafield tag="264" ind1=" " ind2="1">
    <subfield code="a">[Sacramento, California] :</subfield>
    <subfield code="b">California Energy Commission,</subfield>
    <subfield code="c">[2018]</subfield>
  </datafield>
  <datafield tag="300" ind1=" " ind2=" ">
    <subfield code="a">1 volume (various pagings) :</subfield>
    <subfield code="b">illustrations (chiefly color), color maps ;</subfield>
    <subfield code="c">28 cm</subfield>
  </datafield>
  <datafield tag="336" ind1=" " ind2=" ">
    <subfield code="a">text</subfield>
    <subfield code="b">txt</subfield>
    <subfield code="2">rdacontent</subfield>
  </datafield>
  <datafield tag="337" ind1=" " ind2=" ">
    <subfield code="a">unmediated</subfield>
    <subfield code="b">n</subfield>
    <subfield code="2">rdamedia</subfield>
  </datafield>
  <datafield tag="338" ind1=" " ind2=" ">
    <subfield code="a">volume</subfield>
    <subfield code="b">nc</subfield>
    <subfield code="2">rdacarrier</subfield>
  </datafield>
  <datafield tag="500" ind1=" " ind2=" ">
    <subfield code="a">Cover title.</subfield>
  </datafield>
  <datafield tag="500" ind1=" " ind2=" ">
    <subfield code="a">&quot;November 2018.&quot;</subfield>
  </datafield>
  <datafield tag="500" ind1=" " ind2=" ">
    <subfield code="a">Energy Commission pub. no.: CEC-500-2018-029.</subfield>
  </datafield>
  <datafield tag="536" ind1=" " ind2=" ">
    <subfield code="a">CEC contract number</subfield>
    <subfield code="b">PIR-12-001</subfield>
  </datafield>
  <datafield tag="650" ind1=" " ind2="0">
    <subfield code="a">Energy storage</subfield>
    <subfield code="z">California</subfield>
    <subfield code="z">San Joaquin County.</subfield>
  </datafield>
  <datafield tag="650" ind1=" " ind2="0">
    <subfield code="a">Compressed air</subfield>
    <subfield code="x">Underground storage.</subfield>
  </datafield>
  <datafield tag="650" ind1=" " ind2="7">
    <subfield code="a">Compressed air</subfield>
    <subfield code="x">Underground storage.</subfield>
    <subfield code="2">fast</subfield>
    <subfield code="0">(OCoLC)fst00871864</subfield>
  </datafield>
  <datafield tag="650" ind1=" " ind2="7">
    <subfield code="a">Energy storage.</subfield>
    <subfield code="2">fast</subfield>
    <subfield code="0">(OCoLC)fst00910245</subfield>
  </datafield>
  <datafield tag="651" ind1=" " ind2="7">
    <subfield code="a">California</subfield>
    <subfield code="z">San Joaquin County.</subfield>
    <subfield code="2">fast</subfield>
    <subfield code="0">(OCoLC)fst01215055</subfield>
  </datafield>
  <datafield tag="700" ind1="1" ind2=" ">
    <subfield code="a">Medeiros, Michael,</subfield>
    <subfield code="e">author.</subfield>
  </datafield>
  <datafield tag="710" ind1="2" ind2=" ">
    <subfield code="a">Pacific Gas and Electric Company,</subfield>
    <subfield code="e">author.</subfield>
  </datafield>
  <datafield tag="710" ind1="2" ind2=" ">
    <subfield code="a">California Energy Commission.</subfield>
    <subfield code="b">Energy Research and Development Division,</subfield>
    <subfield code="e">issuing body.</subfield>
  </datafield>
  <datafield tag="856" ind1="4" ind2="1">
    <subfield code="u">http://bibpurl.oclc.org/web/93421</subfield>
    <subfield code="u">https://www.energy.ca.gov/2018publications/CEC-500-2018-029/CEC-500-2018-029.pdf</subfield>
  </datafield>
</record>