
<record>
  <leader>03251cam a22004098i 4500</leader>
  <controlfield tag="001">21152013</controlfield>
  <controlfield tag="005">20200103094932.0</controlfield>
  <controlfield tag="008">190826s2020    nyu      b    001 0 eng  </controlfield>
  <datafield tag="906" ind1=" " ind2=" ">
    <subfield code="a">0</subfield>
    <subfield code="b">vip</subfield>
    <subfield code="c">orignew</subfield>
    <subfield code="d">1</subfield>
    <subfield code="e">ecip</subfield>
    <subfield code="f">20</subfield>
    <subfield code="g">y-gencatlg</subfield>
  </datafield>
  <datafield tag="925" ind1="0" ind2=" ">
    <subfield code="a">acquire</subfield>
    <subfield code="b">1 shelf copy</subfield>
    <subfield code="x">policy default</subfield>
  </datafield>
  <datafield tag="955" ind1=" " ind2=" ">
    <subfield code="b">IEN 2019-08-26</subfield>
    <subfield code="e">rm11 2019-08-27 to Dewey</subfield>
    <subfield code="w">xm08 2019-08-29</subfield>
    <subfield code="a">xn11 2020-01-03 1 copy rec&apos;d., to CIP ver.</subfield>
  </datafield>
  <datafield tag="010" ind1=" " ind2=" ">
    <subfield code="a">  2019037866</subfield>
  </datafield>
  <datafield tag="020" ind1=" " ind2=" ">
    <subfield code="a">9781789204858</subfield>
    <subfield code="q">(hardback)</subfield>
  </datafield>
  <datafield tag="020" ind1=" " ind2=" ">
    <subfield code="z">9781789204865</subfield>
    <subfield code="q">(ebook)</subfield>
  </datafield>
  <datafield tag="040" ind1=" " ind2=" ">
    <subfield code="a">IEN/DLC</subfield>
    <subfield code="b">eng</subfield>
    <subfield code="c">DLC</subfield>
    <subfield code="e">rda</subfield>
  </datafield>
  <datafield tag="042" ind1=" " ind2=" ">
    <subfield code="a">pcc</subfield>
  </datafield>
  <datafield tag="043" ind1=" " ind2=" ">
    <subfield code="a">f------</subfield>
  </datafield>
  <datafield tag="050" ind1="0" ind2="0">
    <subfield code="a">HN780.Z9</subfield>
    <subfield code="b">.S633 2020</subfield>
  </datafield>
  <datafield tag="082" ind1="0" ind2="0">
    <subfield code="a">305.5/13096</subfield>
    <subfield code="2">23</subfield>
  </datafield>
  <datafield tag="245" ind1="0" ind2="0">
    <subfield code="a">Social im/mobilities in Africa :</subfield>
    <subfield code="b">ethnographic approaches /</subfield>
    <subfield code="c">edited by Joël Noret.</subfield>
  </datafield>
  <datafield tag="246" ind1="3" ind2=" ">
    <subfield code="a">Social immobilities in Africa</subfield>
  </datafield>
  <datafield tag="246" ind1="3" ind2=" ">
    <subfield code="a">Social mobilities in Africa</subfield>
  </datafield>
  <datafield tag="263" ind1=" " ind2=" ">
    <subfield code="a">1111</subfield>
  </datafield>
  <datafield tag="264" ind1=" " ind2="1">
    <subfield code="a">New York :</subfield>
    <subfield code="b">Berghahn Books,</subfield>
    <subfield code="c">2020.</subfield>
  </datafield>
  <datafield tag="300" ind1=" " ind2=" ">
    <subfield code="a">pages cm</subfield>
  </datafield>
  <datafield tag="336" ind1=" " ind2=" ">
    <subfield code="a">text</subfield>
    <subfield code="b">txt</subfield>
    <subfield code="2">rdacontent</subfield>
  </datafield>
  <datafield tag="337" ind1=" " ind2=" ">
    <subfield code="a">unmediated</subfield>
    <subfield code="b">n</subfield>
    <subfield code="2">rdamedia</subfield>
  </datafield>
  <datafield tag="338" ind1=" " ind2=" ">
    <subfield code="a">volume</subfield>
    <subfield code="b">nc</subfield>
    <subfield code="2">rdacarrier</subfield>
  </datafield>
  <datafield tag="504" ind1=" " ind2=" ">
    <subfield code="a">Includes bibliographical references and index.</subfield>
  </datafield>
  <datafield tag="505" ind1="0" ind2=" ">
    <subfield code="a">Introduction.Theorizing Social Im/mobilities in Africa / Joël Noret -- Inequality from up Close: Qur&apos;anic Students in Northern Nigeria Working as Domestics / Hannah Hoechner -- &apos;Born Free to Aspire?&apos; An Ethnographic Study of Rural Youths&apos; Aspirations in Post-Apartheid South Africa / Fawzia Mazanderani -- Great Expectations and Uncertain Futures: Education and Social Im/mobility in Niamey, Niger / Gabriella Körling -- &apos;Precarious Prosperity?&apos; Social Im/mobilities among Young Entrepreneurs in Kampala / Laura Camfield and William Monteith -- &apos;Here Men Are Becoming Women and Women Men&apos;: Gender, Class and Space in Maputo, Mozambique / Inge Tvedten, Arlindo Uate and Lizete Mangueleze -- The Dynamics of Inequality in the Congolese Copperbelt: A Discussion of Bourdieu&apos;s Theory of Social Space / Benjamin Rubbers -- Crisis, Work and the Meanings of Mobility on the Zimbabwean-South -- African Border / Maxim Bolt -- Domestic Dramas: Class, Taste and Home Decoration in Buea, Cameroon / Ben Page -- Conclusion. A Multidimensional Approach to Social Positionality in Africa / -- Joël Noret</subfield>
  </datafield>
  <datafield tag="520" ind1=" " ind2=" ">
    <subfield code="a">&quot;Grounded in both theory and ethnography, this volume insists on taking social positionality seriously when accounting for Africa&apos;s current age of polarizing wealth. To this end, the book advocates a multidimensional view of African societies, in which social positions consist of a variety of intersecting social powers - or &apos;capitals&apos; - including wealth, education, social relationships, religion, ethnicity, and others. Accordingly, the notion of social im/mobilities emphasizes the complexities of current changes, taking us beyond the prism of a one-dimensional social ladder, for social moves cannot always be apprehended through the binaries of &apos;gains&apos; and &apos;losses&apos;&quot;--</subfield>
    <subfield code="c">Provided by publisher.</subfield>
  </datafield>
  <datafield tag="650" ind1=" " ind2="0">
    <subfield code="a">Social mobility</subfield>
    <subfield code="z">Africa.</subfield>
  </datafield>
  <datafield tag="650" ind1=" " ind2="0">
    <subfield code="a">Social status</subfield>
    <subfield code="z">Africa.</subfield>
  </datafield>
  <datafield tag="651" ind1=" " ind2="0">
    <subfield code="a">Africa</subfield>
    <subfield code="x">Social conditions</subfield>
    <subfield code="y">1960-</subfield>
  </datafield>
  <datafield tag="700" ind1="1" ind2=" ">
    <subfield code="a">Noret, Joël,</subfield>
    <subfield code="e">editor.</subfield>
  </datafield>
  <datafield tag="776" ind1="0" ind2="8">
    <subfield code="i">Online version:</subfield>
    <subfield code="t">Social im/mobilities in Africa</subfield>
    <subfield code="d">New York : Berghahn Books, 2020.</subfield>
    <subfield code="z">9781789204865</subfield>
    <subfield code="w">(DLC) 2019037867</subfield>
  </datafield>
  <datafield tag="985" ind1=" " ind2=" ">
    <subfield code="a">IENCIP</subfield>
    <subfield code="d">2019-08-26</subfield>
  </datafield>
</record>