
<record>
  <leader>03075cam a22003738i 4500</leader>
  <controlfield tag="001">21165571</controlfield>
  <controlfield tag="005">20200103153500.0</controlfield>
  <controlfield tag="008">190828s2019    txu      b    000 0 eng  </controlfield>
  <datafield tag="906" ind1=" " ind2=" ">
    <subfield code="a">0</subfield>
    <subfield code="b">vip</subfield>
    <subfield code="c">orignew</subfield>
    <subfield code="d">1</subfield>
    <subfield code="e">ecip</subfield>
    <subfield code="f">20</subfield>
    <subfield code="g">y-gencatlg</subfield>
  </datafield>
  <datafield tag="925" ind1="0" ind2=" ">
    <subfield code="a">acquire</subfield>
    <subfield code="b">1 shelf copy</subfield>
    <subfield code="x">policy default</subfield>
  </datafield>
  <datafield tag="955" ind1=" " ind2=" ">
    <subfield code="b">rl12 2019-08-28</subfield>
    <subfield code="i">rl12 2019-08-28 to Dewey</subfield>
    <subfield code="w">xm08 2019-08-29</subfield>
    <subfield code="a">xn17 2019-11-21 1 copy rec&apos;d., to CIP ver.</subfield>
    <subfield code="a">rl00 2019-11-26 to SMA</subfield>
    <subfield code="a">rl02 2019-11-26</subfield>
    <subfield code="f">rl02 2020-01-03 to</subfield>
  </datafield>
  <datafield tag="010" ind1=" " ind2=" ">
    <subfield code="a">  2019024783</subfield>
  </datafield>
  <datafield tag="020" ind1=" " ind2=" ">
    <subfield code="a">9781416411758</subfield>
    <subfield code="q">(paperback)</subfield>
  </datafield>
  <datafield tag="020" ind1=" " ind2=" ">
    <subfield code="z">9781416411765</subfield>
    <subfield code="q">(ebook)</subfield>
  </datafield>
  <datafield tag="040" ind1=" " ind2=" ">
    <subfield code="a">DLC</subfield>
    <subfield code="b">eng</subfield>
    <subfield code="c">DLC</subfield>
    <subfield code="e">rda</subfield>
  </datafield>
  <datafield tag="042" ind1=" " ind2=" ">
    <subfield code="a">pcc</subfield>
  </datafield>
  <datafield tag="050" ind1="0" ind2="0">
    <subfield code="a">RF510</subfield>
    <subfield code="b">.S33 2020</subfield>
  </datafield>
  <datafield tag="082" ind1="0" ind2="0">
    <subfield code="a">616.85/56</subfield>
    <subfield code="2">23</subfield>
  </datafield>
  <datafield tag="100" ind1="1" ind2=" ">
    <subfield code="a">Schwartz, Sandra Kasper,</subfield>
    <subfield code="e">author.</subfield>
  </datafield>
  <datafield tag="240" ind1="1" ind2="0">
    <subfield code="a">Source for voice disorders</subfield>
  </datafield>
  <datafield tag="245" ind1="1" ind2="0">
    <subfield code="a">Voice disorders :</subfield>
    <subfield code="b">adolescent &amp; adults /</subfield>
    <subfield code="c">Sandra A. Schwartz.</subfield>
  </datafield>
  <datafield tag="250" ind1=" " ind2=" ">
    <subfield code="a">Second edition.</subfield>
  </datafield>
  <datafield tag="264" ind1=" " ind2="1">
    <subfield code="a">Austin, Texas :</subfield>
    <subfield code="b">PRO-ED, Inc.,</subfield>
    <subfield code="c">[2020]</subfield>
  </datafield>
  <datafield tag="300" ind1=" " ind2=" ">
    <subfield code="a">ix, 181 pages ;</subfield>
    <subfield code="c">28 cm.</subfield>
  </datafield>
  <datafield tag="336" ind1=" " ind2=" ">
    <subfield code="a">text</subfield>
    <subfield code="b">txt</subfield>
    <subfield code="2">rdacontent</subfield>
  </datafield>
  <datafield tag="337" ind1=" " ind2=" ">
    <subfield code="a">unmediated</subfield>
    <subfield code="b">n</subfield>
    <subfield code="2">rdamedia</subfield>
  </datafield>
  <datafield tag="338" ind1=" " ind2=" ">
    <subfield code="a">volume</subfield>
    <subfield code="b">nc</subfield>
    <subfield code="2">rdacarrier</subfield>
  </datafield>
  <datafield tag="490" ind1="0" ind2=" ">
    <subfield code="a">The source</subfield>
  </datafield>
  <datafield tag="500" ind1=" " ind2=" ">
    <subfield code="a">Revised edition of: The source for voice disorders : adolescent &amp; adult. c2004.</subfield>
  </datafield>
  <datafield tag="504" ind1=" " ind2=" ">
    <subfield code="a">Includes bibliographical references.</subfield>
  </datafield>
  <datafield tag="520" ind1=" " ind2=" ">
    <subfield code="a">&quot;The field of speech-language pathology is rapidly evolving into a diverse profession with sub-specialties in many areas of education and rehabilitation. This trend is highlighted by the institution of ASHA&apos;s special interest divisions and the current trends toward specialty recognition. Over the past 20 years, there has been a dramatic increase in the involvement of speech-language pathologists (SLPs) in the evaluation and treatment of voice disorders. Collaboration between ENT physicians and SLPs is now the gold standard of care for patients presenting with a wide variety of conditions that may affect the voice. As this trend develops, many SLPs are obtaining continuing education to gain current knowledge in a rapidly changing field. It is vital that we have a working knowledge of disorders and pathologies that we are now being asked to treat. This &quot;working knowledge&quot; calls upon our ability to incorporate anatomy, neurology, speech science, and voice training. There are many current texts in the area of evaluation and treatment of voice; however, there are few available resources for treatment ideas and stimulus tasks. Many clinicians are adapting therapy materials and stimuli from motor speech manuals/workbooks to target voice goals. The Source® Voice Disorders was designed to assist clinicians with both the evaluative tools and therapy tasks to provide services to patients with both functional and medical (organic/neurological) diagnoses. It is a functional, clinical manual useful for clinicians with varying degrees of experience with voice disorders&quot;--</subfield>
    <subfield code="c">Provided by publisher.</subfield>
  </datafield>
  <datafield tag="650" ind1=" " ind2="0">
    <subfield code="a">Voice disorders.</subfield>
  </datafield>
  <datafield tag="650" ind1=" " ind2="0">
    <subfield code="a">Teenagers</subfield>
    <subfield code="x">Diseases.</subfield>
  </datafield>
  <datafield tag="776" ind1="0" ind2="8">
    <subfield code="i">Online version:</subfield>
    <subfield code="a">Schwartz, Sandra,</subfield>
    <subfield code="t">Voice disorders</subfield>
    <subfield code="b">Second.</subfield>
    <subfield code="d">Austin : PRO-ED, Inc., 2019.</subfield>
    <subfield code="z">9781416411765</subfield>
    <subfield code="w">(DLC) 2019024784</subfield>
  </datafield>
</record>