
<record>
  <leader>03369cam a22003858i 4500</leader>
  <controlfield tag="001">21167086</controlfield>
  <controlfield tag="005">20200103135802.0</controlfield>
  <controlfield tag="008">190829s2019    pau      b    001 0 eng  </controlfield>
  <datafield tag="906" ind1=" " ind2=" ">
    <subfield code="a">7</subfield>
    <subfield code="b">cbc</subfield>
    <subfield code="c">orignew</subfield>
    <subfield code="d">1</subfield>
    <subfield code="e">ecip</subfield>
    <subfield code="f">20</subfield>
    <subfield code="g">y-gencatlg</subfield>
  </datafield>
  <datafield tag="925" ind1="0" ind2=" ">
    <subfield code="a">acquire</subfield>
    <subfield code="b">1 shelf copy</subfield>
    <subfield code="x">policy default</subfield>
  </datafield>
  <datafield tag="955" ind1=" " ind2=" ">
    <subfield code="b">re23 2019-08-29</subfield>
    <subfield code="i">re23 2019-08-29 (telework) to Dewey</subfield>
    <subfield code="w">re09 2019-09-05 to CIP</subfield>
  </datafield>
  <datafield tag="010" ind1=" " ind2=" ">
    <subfield code="a">  2019025570</subfield>
  </datafield>
  <datafield tag="020" ind1=" " ind2=" ">
    <subfield code="a">9781799812005</subfield>
    <subfield code="q">(hardcover)</subfield>
  </datafield>
  <datafield tag="020" ind1=" " ind2=" ">
    <subfield code="a">9781799812012</subfield>
    <subfield code="q">(paperback)</subfield>
  </datafield>
  <datafield tag="020" ind1=" " ind2=" ">
    <subfield code="z">9781799812029</subfield>
    <subfield code="q">(ebook)</subfield>
  </datafield>
  <datafield tag="040" ind1=" " ind2=" ">
    <subfield code="a">DLC</subfield>
    <subfield code="b">eng</subfield>
    <subfield code="c">DLC</subfield>
    <subfield code="e">rda</subfield>
  </datafield>
  <datafield tag="042" ind1=" " ind2=" ">
    <subfield code="a">pcc</subfield>
  </datafield>
  <datafield tag="050" ind1="0" ind2="0">
    <subfield code="a">LB1044.87</subfield>
    <subfield code="b">.O638 2020</subfield>
  </datafield>
  <datafield tag="082" ind1="0" ind2="0">
    <subfield code="a">371.33/44678</subfield>
    <subfield code="2">23</subfield>
  </datafield>
  <datafield tag="245" ind1="0" ind2="0">
    <subfield code="a">Open educational resources (OER) pedagogy and practices /</subfield>
    <subfield code="c">Molly Y. Zhou, editor.</subfield>
  </datafield>
  <datafield tag="263" ind1=" " ind2=" ">
    <subfield code="a">1911</subfield>
  </datafield>
  <datafield tag="264" ind1=" " ind2="1">
    <subfield code="a">Hershey, PA :</subfield>
    <subfield code="b">Information Science Reference,</subfield>
    <subfield code="c">2020.</subfield>
  </datafield>
  <datafield tag="300" ind1=" " ind2=" ">
    <subfield code="a">pages cm</subfield>
  </datafield>
  <datafield tag="336" ind1=" " ind2=" ">
    <subfield code="a">text</subfield>
    <subfield code="b">txt</subfield>
    <subfield code="2">rdacontent</subfield>
  </datafield>
  <datafield tag="337" ind1=" " ind2=" ">
    <subfield code="a">unmediated</subfield>
    <subfield code="b">n</subfield>
    <subfield code="2">rdamedia</subfield>
  </datafield>
  <datafield tag="338" ind1=" " ind2=" ">
    <subfield code="a">volume</subfield>
    <subfield code="b">nc</subfield>
    <subfield code="2">rdacarrier</subfield>
  </datafield>
  <datafield tag="504" ind1=" " ind2=" ">
    <subfield code="a">Includes bibliographical references and index.</subfield>
  </datafield>
  <datafield tag="505" ind1="0" ind2=" ">
    <subfield code="a">Gamification in the classroom : creating escape room scenarios / Kelly Moore-Roberts, Elesha Goodfriend, Lynnette Wick -- Learner perceptions of open pedagogy in a psychology course : a case study on instructional design with open educational resources / Feng-Ru Sheu -- From political apathy to informed citizenship? : using OERs to increase student engagement in introductory American government classes / Michael Lewkowicz, Yohannes Gedamu, Dovile Budryte, Scott Boykin -- An open educational resources journey : OERs in multi-section courses in an access college / Barbara Tucker -- An exploration of open educational resources potential at the University of The Bahamas / Christina Ramirez Smith -- A textbook transformation project : open access materials with an international and interdisciplinary focus for Spanish / Federica Goldoni, Stacy Rusnak -- Sharing educational resources for experiential studies place-based programs / Gordon Sturrock -- Using OpenStreetMap as a source of religious mapping data in an OER human geography textbook / David Dorrell -- The effects of using open educational resources on minority achievement in undergraduate mathematics / Josephine Davis, Samuel Cafrftwright -- A survey on recent learning approaches in school education using Edmodo / Stavros Tsetsos, Jim Prentzas -- A testing chapter / Molly Zhou -- Transformation at scale : a departmental effort to adopt and develop IT open educational resources / Jack Zheng, Zhigang Li, Lei Li, Rebecca Rutherfoord -- Reshaping preservice teachers&apos; pedagogical content knowledge with primary source documents / Donna Governor, David Osmond, Sanghee Choi, April Nelms, Max Vazquez-Dominguez.</subfield>
  </datafield>
  <datafield tag="520" ind1=" " ind2=" ">
    <subfield code="a">&quot;&quot;This book examines open educational resources in education with a focus on pedagogical discussion and practices in teaching and learning in higher education and in K-12 schools&quot;--Provided by publisher&quot;--</subfield>
    <subfield code="c">Provided by publisher.</subfield>
  </datafield>
  <datafield tag="650" ind1=" " ind2="0">
    <subfield code="a">Internet in education</subfield>
    <subfield code="v">Case studies.</subfield>
  </datafield>
  <datafield tag="650" ind1=" " ind2="0">
    <subfield code="a">Open source software</subfield>
    <subfield code="v">Case studies.</subfield>
  </datafield>
  <datafield tag="650" ind1=" " ind2="0">
    <subfield code="a">Educational technology</subfield>
    <subfield code="v">Case studies.</subfield>
  </datafield>
  <datafield tag="650" ind1=" " ind2="0">
    <subfield code="a">Open learning</subfield>
    <subfield code="v">Case studies.</subfield>
  </datafield>
  <datafield tag="700" ind1="1" ind2=" ">
    <subfield code="a">Zhou, Molly Y.,</subfield>
    <subfield code="e">editor.</subfield>
  </datafield>
  <datafield tag="776" ind1="0" ind2="8">
    <subfield code="i">Online version:</subfield>
    <subfield code="t">Open educational resources (OER) pedagogy and practices</subfield>
    <subfield code="d">Hershey, PA : Information Science Reference, 2020.</subfield>
    <subfield code="z">9781799812029</subfield>
    <subfield code="w">(DLC) 2019025571</subfield>
  </datafield>
</record>