
<record>
  <leader>03358cam a22004458i 4500</leader>
  <controlfield tag="001">21180059</controlfield>
  <controlfield tag="005">20200103132050.0</controlfield>
  <controlfield tag="008">190830s2019    inu      b    001 0 eng  </controlfield>
  <datafield tag="906" ind1=" " ind2=" ">
    <subfield code="a">0</subfield>
    <subfield code="b">vip</subfield>
    <subfield code="c">orignew</subfield>
    <subfield code="d">1</subfield>
    <subfield code="e">ecip</subfield>
    <subfield code="f">20</subfield>
    <subfield code="g">y-gencatlg</subfield>
  </datafield>
  <datafield tag="925" ind1="0" ind2=" ">
    <subfield code="a">acquire</subfield>
    <subfield code="b">1 shelf copy</subfield>
    <subfield code="x">policy default</subfield>
  </datafield>
  <datafield tag="955" ind1=" " ind2=" ">
    <subfield code="b">2019-08-30</subfield>
    <subfield code="i">rf25 2019-08-30 to review</subfield>
    <subfield code="r">th70 2019-09-05 to shelflisting</subfield>
    <subfield code="e">rf07 2019-09-06 (telework) to Dewey</subfield>
    <subfield code="w">xm06 2019-09-06</subfield>
    <subfield code="a">xn11 2020-01-03 1 copy rec&apos;d., to CIP ver.</subfield>
  </datafield>
  <datafield tag="010" ind1=" " ind2=" ">
    <subfield code="a">  2019028017</subfield>
  </datafield>
  <datafield tag="020" ind1=" " ind2=" ">
    <subfield code="a">9780253044150</subfield>
    <subfield code="q">(hardback)</subfield>
  </datafield>
  <datafield tag="020" ind1=" " ind2=" ">
    <subfield code="a">9780253044174</subfield>
    <subfield code="q">(paperback)</subfield>
  </datafield>
  <datafield tag="020" ind1=" " ind2=" ">
    <subfield code="z">9780253044228</subfield>
    <subfield code="q">(ebook)</subfield>
  </datafield>
  <datafield tag="040" ind1=" " ind2=" ">
    <subfield code="a">DLC</subfield>
    <subfield code="b">eng</subfield>
    <subfield code="c">DLC</subfield>
    <subfield code="e">rda</subfield>
  </datafield>
  <datafield tag="042" ind1=" " ind2=" ">
    <subfield code="a">pcc</subfield>
  </datafield>
  <datafield tag="043" ind1=" " ind2=" ">
    <subfield code="a">am-----</subfield>
    <subfield code="a">a-my---</subfield>
    <subfield code="a">a-ii---</subfield>
    <subfield code="a">e-uk---</subfield>
  </datafield>
  <datafield tag="050" ind1="0" ind2="0">
    <subfield code="a">D767.5</subfield>
    <subfield code="b">.R69 2019</subfield>
  </datafield>
  <datafield tag="082" ind1="0" ind2="0">
    <subfield code="a">940.54/2595</subfield>
    <subfield code="2">23</subfield>
  </datafield>
  <datafield tag="100" ind1="1" ind2=" ">
    <subfield code="a">Roy, Kaushik,</subfield>
    <subfield code="d">1971-</subfield>
    <subfield code="e">author.</subfield>
  </datafield>
  <datafield tag="245" ind1="1" ind2="0">
    <subfield code="a">Battle for Malaya :</subfield>
    <subfield code="b">the Indian Army in defeat, 1941-42 /</subfield>
    <subfield code="c">Kaushik Roy.</subfield>
  </datafield>
  <datafield tag="263" ind1=" " ind2=" ">
    <subfield code="a">1111</subfield>
  </datafield>
  <datafield tag="264" ind1=" " ind2="1">
    <subfield code="a">Bloomington, Indiana :</subfield>
    <subfield code="b">Indiana University Press,</subfield>
    <subfield code="c">[2019]</subfield>
  </datafield>
  <datafield tag="300" ind1=" " ind2=" ">
    <subfield code="a">pages cm.</subfield>
  </datafield>
  <datafield tag="336" ind1=" " ind2=" ">
    <subfield code="a">text</subfield>
    <subfield code="b">txt</subfield>
    <subfield code="2">rdacontent</subfield>
  </datafield>
  <datafield tag="337" ind1=" " ind2=" ">
    <subfield code="a">unmediated</subfield>
    <subfield code="b">n</subfield>
    <subfield code="2">rdamedia</subfield>
  </datafield>
  <datafield tag="338" ind1=" " ind2=" ">
    <subfield code="a">volume</subfield>
    <subfield code="b">nc</subfield>
    <subfield code="2">rdacarrier</subfield>
  </datafield>
  <datafield tag="490" ind1="0" ind2=" ">
    <subfield code="a">Twentieth-Century Battles</subfield>
  </datafield>
  <datafield tag="504" ind1=" " ind2=" ">
    <subfield code="a">Includes bibliographical references and index.</subfield>
  </datafield>
  <datafield tag="505" ind1="0" ind2=" ">
    <subfield code="a">The Rise of the Singapore Naval Base -- The Allied Ground Forces in Malaya -- The Invasion -- Defeat at Slim River -- Disaster at Muar and Johore -- Endgame on Singapore Island.</subfield>
  </datafield>
  <datafield tag="520" ind1=" " ind2=" ">
    <subfield code="a">&quot;The defeat of 90,000 Commonwealth soldiers by 50,000 Japanese soldiers made the Battle for Malaya during World War II an important encounter for both political and military reasons. British military prestige was shattered, fanning the fires of nationalism in Asia, especially in India. Japan&apos;s successful tactics in Malaya-rapid marches, wide outflanking movement along difficult terrain, nocturnal attacks, and roadblocks-would be repeated in Burma in 1942-43. Until the Allied command evolved adequate countermeasures, Japanese soldiers remained supreme in the field. Focusing on tactics of the ground battle that unfolded in Malaya between December 1941 and February 1942, rather than the failures of command, Kaushik Roy analyzes the organization of the imperial armies, looking primarily at the Indian Army, which comprised the largest portion of Commonwealth troops, and compares that army with those of Britain and Australia, which fought side by side with Indian soldiers. Utilizing both official war office records and unofficial memoirs, autobiographies, and oral histories, Roy presents a synthesis of history from the top with history from below and provides a thick narrative of operations interwoven with tactical analysis of the Battle for Malaya from both sides&quot;--</subfield>
    <subfield code="c">Provided by publisher.</subfield>
  </datafield>
  <datafield tag="650" ind1=" " ind2="0">
    <subfield code="a">World War, 1939-1945</subfield>
    <subfield code="x">Campaigns</subfield>
    <subfield code="z">Malaysia</subfield>
    <subfield code="z">Malaya.</subfield>
  </datafield>
  <datafield tag="651" ind1=" " ind2="0">
    <subfield code="a">Malaya</subfield>
    <subfield code="x">History</subfield>
    <subfield code="y">Japanese occupation, 1942-1945.</subfield>
  </datafield>
  <datafield tag="610" ind1="1" ind2="0">
    <subfield code="a">India.</subfield>
    <subfield code="b">Army</subfield>
    <subfield code="x">History</subfield>
    <subfield code="y">World War, 1939-1945.</subfield>
  </datafield>
  <datafield tag="651" ind1=" " ind2="0">
    <subfield code="a">India</subfield>
    <subfield code="x">History, Military</subfield>
    <subfield code="y">World War, 1939-1945.</subfield>
  </datafield>
  <datafield tag="610" ind1="1" ind2="0">
    <subfield code="a">Japan.</subfield>
    <subfield code="b">Rikugun</subfield>
    <subfield code="x">Drill and tactics.</subfield>
  </datafield>
  <datafield tag="610" ind1="1" ind2="0">
    <subfield code="a">Great Britain.</subfield>
    <subfield code="b">Army</subfield>
    <subfield code="x">History</subfield>
    <subfield code="y">World War, 1939-1945.</subfield>
  </datafield>
  <datafield tag="610" ind1="1" ind2="0">
    <subfield code="a">Australia.</subfield>
    <subfield code="b">Australian Army</subfield>
    <subfield code="x">History</subfield>
    <subfield code="y">World War, 1939-1945.</subfield>
  </datafield>
  <datafield tag="776" ind1="0" ind2="8">
    <subfield code="i">Online version:</subfield>
    <subfield code="a">Roy, Kaushik, 1971-</subfield>
    <subfield code="t">Battle for Malaya.</subfield>
    <subfield code="d">Bloomington, Indiana : Indiana University Press, 2019</subfield>
    <subfield code="z">9780253044228</subfield>
    <subfield code="w">(DLC) 2019028018</subfield>
  </datafield>
</record>