
<record>
  <leader>02734cam a22003498i 4500</leader>
  <controlfield tag="001">21180612</controlfield>
  <controlfield tag="005">20200103095614.0</controlfield>
  <controlfield tag="008">190903s2019    cau           000 1 eng  </controlfield>
  <datafield tag="906" ind1=" " ind2=" ">
    <subfield code="a">0</subfield>
    <subfield code="b">vip</subfield>
    <subfield code="c">orignew</subfield>
    <subfield code="d">1</subfield>
    <subfield code="e">ecip</subfield>
    <subfield code="f">20</subfield>
    <subfield code="g">y-gencatlg</subfield>
  </datafield>
  <datafield tag="925" ind1="0" ind2=" ">
    <subfield code="a">acquire</subfield>
    <subfield code="b">1 shelf copy</subfield>
    <subfield code="x">policy default</subfield>
  </datafield>
  <datafield tag="955" ind1=" " ind2=" ">
    <subfield code="b">xk34 2019-09-03</subfield>
    <subfield code="i">xk34 2019-09-03 to review</subfield>
    <subfield code="r">xk01 2019-09-03</subfield>
    <subfield code="a">xn11 2020-01-03 1 copy rec&apos;d., to CIP ver.</subfield>
  </datafield>
  <datafield tag="010" ind1=" " ind2=" ">
    <subfield code="a">  2019039228</subfield>
  </datafield>
  <datafield tag="020" ind1=" " ind2=" ">
    <subfield code="a">9781610353441</subfield>
    <subfield code="q">(trade paperback ; acid-free paper)</subfield>
  </datafield>
  <datafield tag="020" ind1=" " ind2=" ">
    <subfield code="z">9781610353632</subfield>
    <subfield code="q">(kindle edition)</subfield>
  </datafield>
  <datafield tag="020" ind1=" " ind2=" ">
    <subfield code="z">9781610353632</subfield>
    <subfield code="q">(epub)</subfield>
  </datafield>
  <datafield tag="040" ind1=" " ind2=" ">
    <subfield code="a">DLC</subfield>
    <subfield code="b">eng</subfield>
    <subfield code="c">DLC</subfield>
    <subfield code="e">rda</subfield>
  </datafield>
  <datafield tag="042" ind1=" " ind2=" ">
    <subfield code="a">pcc</subfield>
  </datafield>
  <datafield tag="043" ind1=" " ind2=" ">
    <subfield code="a">n-us-nm</subfield>
  </datafield>
  <datafield tag="050" ind1="0" ind2="0">
    <subfield code="a">PS3619.T2329</subfield>
    <subfield code="b">G38 2019</subfield>
  </datafield>
  <datafield tag="082" ind1="0" ind2="0">
    <subfield code="a">813/.6</subfield>
    <subfield code="2">23</subfield>
  </datafield>
  <datafield tag="100" ind1="1" ind2=" ">
    <subfield code="a">St. Clair, Rhenna,</subfield>
    <subfield code="e">author.</subfield>
  </datafield>
  <datafield tag="245" ind1="1" ind2="0">
    <subfield code="a">Getting New Mexico /</subfield>
    <subfield code="c">Rhenna St. Clair.</subfield>
  </datafield>
  <datafield tag="263" ind1=" " ind2=" ">
    <subfield code="a">1111</subfield>
  </datafield>
  <datafield tag="264" ind1=" " ind2="1">
    <subfield code="a">Fresno, California :</subfield>
    <subfield code="b">Pace Press,</subfield>
    <subfield code="c">[2019]</subfield>
  </datafield>
  <datafield tag="300" ind1=" " ind2=" ">
    <subfield code="a">pages cm</subfield>
  </datafield>
  <datafield tag="336" ind1=" " ind2=" ">
    <subfield code="a">text</subfield>
    <subfield code="b">txt</subfield>
    <subfield code="2">rdacontent</subfield>
  </datafield>
  <datafield tag="337" ind1=" " ind2=" ">
    <subfield code="a">unmediated</subfield>
    <subfield code="b">n</subfield>
    <subfield code="2">rdamedia</subfield>
  </datafield>
  <datafield tag="338" ind1=" " ind2=" ">
    <subfield code="a">volume</subfield>
    <subfield code="b">nc</subfield>
    <subfield code="2">rdacarrier</subfield>
  </datafield>
  <datafield tag="520" ind1=" " ind2=" ">
    <subfield code="a">&quot;Aaron Schuyler is a ne&apos;er-do-well, a cheat, an exploiter, a drunk, and a lifelong New Yorker. New Mexico is about to change everything about Schuyler, in this fresh and witty comedy about second chances and redemption. At 52, Aaron Schuyler has destroyed his life and doesn&apos;t care. Professionally ruined, flat broke, and estranged from his ex-wife and children, Schuyler&apos;s only concerns are sponging free drinks by crashing funerals and staying on the good side of his primary money supply, his formidable British mother, Clementine. But Clementine has a plan. Praying for divine aid from her personal god, Winston Churchill, Clementine creates a Winston-inspired scheme to reform her worthless son. Clementine presents Schuyler with an ultimatum, she&apos;ll bail him out one last time, if he moves from New York to Santa Fe, New Mexico, and takes a job at the local Sam&apos;s Club. In New Mexico, Schuyler meets people unlike any he&apos;s ever known, the enigmatic Indian artist Lone Goose, the blue collar Sam&apos;s Club workers who accept him as one of their own, and the beautiful and no-nonsense Anita Chatterjee, with whom Schuyler is immediately smitten. For the first time in his life, Schuyler wants to be a better person and as he rereads his diary of his past life, he realizes the extent of his failures and his misdeeds. Can Schuyler adapt to a life of responsibility? To a mature relationship? To New Mexico? To shaking scorpions out of his boots? Winston help him!&quot;--</subfield>
    <subfield code="c">Provided by publisher.</subfield>
  </datafield>
  <datafield tag="650" ind1=" " ind2="0">
    <subfield code="a">Redemption</subfield>
    <subfield code="v">Fiction</subfield>
  </datafield>
  <datafield tag="651" ind1=" " ind2="0">
    <subfield code="a">New Mexico</subfield>
    <subfield code="v">Fiction</subfield>
  </datafield>
  <datafield tag="776" ind1="0" ind2="8">
    <subfield code="i">Online version:</subfield>
    <subfield code="a">St. Clair, Rhenna,</subfield>
    <subfield code="t">Getting New Mexico</subfield>
    <subfield code="d">Fresno, California : Pace Press, [2019]</subfield>
    <subfield code="z">9781610353632</subfield>
    <subfield code="w">(DLC) 2019039229</subfield>
  </datafield>
</record>