
<record>
  <leader>02666cam a22003977i 4500</leader>
  <controlfield tag="001">21193573</controlfield>
  <controlfield tag="005">20200103085055.0</controlfield>
  <controlfield tag="008">190905s2019    ja a          000 0 jpn  </controlfield>
  <datafield tag="906" ind1=" " ind2=" ">
    <subfield code="a">7</subfield>
    <subfield code="b">cbc</subfield>
    <subfield code="c">orignew</subfield>
    <subfield code="d">4</subfield>
    <subfield code="e">ncip</subfield>
    <subfield code="f">20</subfield>
    <subfield code="g">y-nonroman</subfield>
  </datafield>
  <datafield tag="925" ind1="0" ind2=" ">
    <subfield code="a">acquire</subfield>
    <subfield code="b">1 shelf copy</subfield>
    <subfield code="x">TYS 2019-08-06</subfield>
  </datafield>
  <datafield tag="955" ind1=" " ind2=" ">
    <subfield code="b">cf27 2019-09-05</subfield>
    <subfield code="h">cf27 2019-09-05 to Shelf</subfield>
    <subfield code="a">sberk 2020-01-03 received in Asian Div.</subfield>
  </datafield>
  <datafield tag="010" ind1=" " ind2=" ">
    <subfield code="a">  2019449001</subfield>
  </datafield>
  <datafield tag="040" ind1=" " ind2=" ">
    <subfield code="a">DLC</subfield>
    <subfield code="b">eng</subfield>
    <subfield code="c">DLC</subfield>
    <subfield code="e">rda</subfield>
  </datafield>
  <datafield tag="041" ind1="0" ind2=" ">
    <subfield code="a">jpn</subfield>
    <subfield code="b">eng</subfield>
  </datafield>
  <datafield tag="050" ind1="0" ind2="0">
    <subfield code="a">MLCMJ 2019/40068 (T)</subfield>
  </datafield>
  <datafield tag="066" ind1=" " ind2=" ">
    <subfield code="c">$1</subfield>
  </datafield>
  <datafield tag="245" ind1="0" ind2="0">
    <subfield code="6">880-01</subfield>
    <subfield code="a">2050-nen no teitanso dengen shisutemu no gijutsu kaihatsu kadai =</subfield>
    <subfield code="b">Technological development issues of low carbon electric power systems in 2050.</subfield>
  </datafield>
  <datafield tag="880" ind1="0" ind2="0">
    <subfield code="6">245-01/$1</subfield>
    <subfield code="a">2050年の低炭素電源システムの技術開発課題 =</subfield>
    <subfield code="b">Technological development issues of low carbon electric power systems in 2050.</subfield>
  </datafield>
  <datafield tag="246" ind1="3" ind2="1">
    <subfield code="a">Technological development issues of low carbon electric power systems in 2050</subfield>
  </datafield>
  <datafield tag="264" ind1=" " ind2="1">
    <subfield code="6">880-02</subfield>
    <subfield code="a">Tōkyō-to Chiyoda-ku :</subfield>
    <subfield code="b">Kokuritsu Kenkyū Kaihatsu Hōjin Kagaku Gijutsu Shinkō Kikō Teitanso Shakai Senryaku Sentā,</subfield>
    <subfield code="c">Heisei 31 [2019]</subfield>
  </datafield>
  <datafield tag="880" ind1=" " ind2="1">
    <subfield code="6">264-02/$1</subfield>
    <subfield code="a">東京都千代田区 :</subfield>
    <subfield code="b">国立研究開発法人科学技術振興機構低炭素社会戦略センター,</subfield>
    <subfield code="c">平成31 [2019]</subfield>
  </datafield>
  <datafield tag="300" ind1=" " ind2=" ">
    <subfield code="a">8 pages :</subfield>
    <subfield code="b">illustrations (some color) ;</subfield>
    <subfield code="c">30 cm.</subfield>
  </datafield>
  <datafield tag="336" ind1=" " ind2=" ">
    <subfield code="a">text</subfield>
    <subfield code="b">txt</subfield>
    <subfield code="2">rdacontent</subfield>
  </datafield>
  <datafield tag="337" ind1=" " ind2=" ">
    <subfield code="a">unmediated</subfield>
    <subfield code="b">n</subfield>
    <subfield code="2">rdamedia</subfield>
  </datafield>
  <datafield tag="338" ind1=" " ind2=" ">
    <subfield code="a">volume</subfield>
    <subfield code="b">nc</subfield>
    <subfield code="2">rdacarrier</subfield>
  </datafield>
  <datafield tag="490" ind1="0" ind2=" ">
    <subfield code="6">880-03</subfield>
    <subfield code="a">Teitanso dengen shisutemu no anteika to gijutsu, keizaisei hyōka ;</subfield>
    <subfield code="v">vol. 3</subfield>
  </datafield>
  <datafield tag="880" ind1="0" ind2=" ">
    <subfield code="6">490-03/$1</subfield>
    <subfield code="a">低炭素電源システムの安定化と技術・経済性評価 ;</subfield>
    <subfield code="v">vol. 3</subfield>
  </datafield>
  <datafield tag="490" ind1="0" ind2=" ">
    <subfield code="6">880-04</subfield>
    <subfield code="a">Teitanso shakai no jitsugen ni muketa gijutsu oyobi keizai, shakai no teiryōteki shinario ni motozuku inobēshon seisaku ritsuan no tame no teiansho. Gijutsu kaihatsu hen =</subfield>
    <subfield code="a">Proposal paper for policy making and governmental action toward low carbon societies. Strategy for technology development</subfield>
  </datafield>
  <datafield tag="880" ind1="0" ind2=" ">
    <subfield code="6">490-04/$1</subfield>
    <subfield code="a">低炭素社会の実現に向けた技術および経済・社会の定量的シナリオに基づくイノベーション政策立案のための提案書. 技術開発編 =</subfield>
    <subfield code="a">Proposal paper for policy making and governmental action toward low carbon societies. Strategy for technology development</subfield>
  </datafield>
  <datafield tag="500" ind1=" " ind2=" ">
    <subfield code="a">Title from cover.</subfield>
  </datafield>
  <datafield tag="500" ind1=" " ind2=" ">
    <subfield code="a">&quot;LCS-FY2018-PP-19.&quot;</subfield>
  </datafield>
  <datafield tag="504" ind1=" " ind2=" ">
    <subfield code="a">Includes bibliographical references (page 7-8).</subfield>
  </datafield>
  <datafield tag="546" ind1=" " ind2=" ">
    <subfield code="a">In Japanese; summary also in English.</subfield>
  </datafield>
  <datafield tag="710" ind1="2" ind2=" ">
    <subfield code="6">880-05</subfield>
    <subfield code="a">Kagaku Gijutsu Shinkō Kikō.</subfield>
    <subfield code="b">Teitanso Shakai Senryaku Sentā.</subfield>
  </datafield>
  <datafield tag="880" ind1="2" ind2=" ">
    <subfield code="6">710-05/$1</subfield>
    <subfield code="a">科学技術振興機構.</subfield>
    <subfield code="b">低炭素社会戦略センター.</subfield>
  </datafield>
  <datafield tag="923" ind1=" " ind2=" ">
    <subfield code="s">94001184</subfield>
  </datafield>
</record>