
<record>
  <leader>02980cam a22004218i 4500</leader>
  <controlfield tag="001">21195675</controlfield>
  <controlfield tag="005">20200103135754.0</controlfield>
  <controlfield tag="008">190905s2020    pau      b    001 0 eng  </controlfield>
  <datafield tag="906" ind1=" " ind2=" ">
    <subfield code="a">7</subfield>
    <subfield code="b">cbc</subfield>
    <subfield code="c">orignew</subfield>
    <subfield code="d">1</subfield>
    <subfield code="e">ecip</subfield>
    <subfield code="f">20</subfield>
    <subfield code="g">y-gencatlg</subfield>
  </datafield>
  <datafield tag="925" ind1="0" ind2=" ">
    <subfield code="a">acquire</subfield>
    <subfield code="b">1 shelf copy</subfield>
    <subfield code="x">policy default</subfield>
  </datafield>
  <datafield tag="955" ind1=" " ind2=" ">
    <subfield code="b">DNLM 2019-09-05</subfield>
    <subfield code="d">xm08 2019-09-06</subfield>
    <subfield code="w">xm08 2019-09-06 (OT)</subfield>
  </datafield>
  <datafield tag="010" ind1=" " ind2=" ">
    <subfield code="a">  2019039514</subfield>
  </datafield>
  <datafield tag="020" ind1=" " ind2=" ">
    <subfield code="a">9781799823100</subfield>
    <subfield code="q">(hardcover)</subfield>
  </datafield>
  <datafield tag="020" ind1=" " ind2=" ">
    <subfield code="z">9781799823117</subfield>
    <subfield code="q">(ebook)</subfield>
  </datafield>
  <datafield tag="040" ind1=" " ind2=" ">
    <subfield code="a">DNLM/DLC</subfield>
    <subfield code="b">eng</subfield>
    <subfield code="c">DLC</subfield>
    <subfield code="e">rda</subfield>
  </datafield>
  <datafield tag="042" ind1=" " ind2=" ">
    <subfield code="a">pcc</subfield>
  </datafield>
  <datafield tag="050" ind1="0" ind2="0">
    <subfield code="a">R859.7.D35</subfield>
  </datafield>
  <datafield tag="060" ind1="1" ind2="0">
    <subfield code="a">W 26.55.I4</subfield>
  </datafield>
  <datafield tag="082" ind1="0" ind2="0">
    <subfield code="a">610.285</subfield>
    <subfield code="2">23</subfield>
  </datafield>
  <datafield tag="245" ind1="0" ind2="0">
    <subfield code="a">Theory and practice of business intelligence in healthcare /</subfield>
    <subfield code="c">Jiban Khuntia, Xue Ning, Mohan Tanniru, editors.</subfield>
  </datafield>
  <datafield tag="263" ind1=" " ind2=" ">
    <subfield code="a">1912</subfield>
  </datafield>
  <datafield tag="264" ind1=" " ind2="1">
    <subfield code="a">Hershey, PA :</subfield>
    <subfield code="b">Medical Information Science Reference,</subfield>
    <subfield code="c">[2020]</subfield>
  </datafield>
  <datafield tag="300" ind1=" " ind2=" ">
    <subfield code="a">pages cm</subfield>
  </datafield>
  <datafield tag="336" ind1=" " ind2=" ">
    <subfield code="a">text</subfield>
    <subfield code="b">txt</subfield>
    <subfield code="2">rdacontent</subfield>
  </datafield>
  <datafield tag="337" ind1=" " ind2=" ">
    <subfield code="a">unmediated</subfield>
    <subfield code="b">n</subfield>
    <subfield code="2">rdamedia</subfield>
  </datafield>
  <datafield tag="338" ind1=" " ind2=" ">
    <subfield code="a">volume</subfield>
    <subfield code="b">nc</subfield>
    <subfield code="2">rdacarrier</subfield>
  </datafield>
  <datafield tag="504" ind1=" " ind2=" ">
    <subfield code="a">Includes bibliographical references and index.</subfield>
  </datafield>
  <datafield tag="505" ind1="0" ind2=" ">
    <subfield code="a">Business Intelligence and Analytics (BI&amp;A) Capabilities in Health Care / Thiagarajan Ramakrishnan, Abhishek Kathuria, Terence Saldanha -- An Analysis and A Proposed Architecture to Sustain Public-Private Partnership : The Case of the Arizona ASHLine : A Proposed Architecture to Sustain Public Private Partnership / Mohan Tanniru -- Patient Empowerment and Analytics / Sumate Permwonguswa -- Billing and Review Perspectives in Health Care / Joel Fredrickson -- Business Intelligence in Operations-Intelligence-Strategy (BI-OIS) Process / Xue Ning -- Data to Analytics to Insight : Role of rtDashboard at St Joseph Mercy Health / Mohan Tanniru, Matt Nawracki, David Bobryk, Anupam Sule -- Ethically Building Business Intelligence in Healthcare : A Value-Sensitive Perspective / Majid Dadgar, KD Joshi -- A Comparative Study On The Generation And Management Of Data For Healthcare And Health Diagnostics / Ramalatha Marimuthu, Shivappriya S.N., Saroja M.N. -- Business Intelligence Enabling Digital Health Strategies / Mohan Tanniru -- Guiding Assistive Technology Adaptations through Intelligent Stream mining of Patient Data / William Robinson, Tianjie Deng, Andrea Aria.</subfield>
  </datafield>
  <datafield tag="520" ind1=" " ind2=" ">
    <subfield code="a">&quot;This book introduces data mining, modeling, and analytic techniques to health and healthcare data; articulates the value of big volumes of data to health and healthcare; evaluates business intelligence tools; and explores business intelligence use and applications in healthcare&quot;</subfield>
    <subfield code="c">Provided by publisher.</subfield>
  </datafield>
  <datafield tag="650" ind1="1" ind2="2">
    <subfield code="a">Data Mining</subfield>
  </datafield>
  <datafield tag="650" ind1="2" ind2="2">
    <subfield code="a">Health Care Sector</subfield>
  </datafield>
  <datafield tag="650" ind1="2" ind2="2">
    <subfield code="a">Data Analysis</subfield>
  </datafield>
  <datafield tag="650" ind1="2" ind2="2">
    <subfield code="a">Big Data</subfield>
  </datafield>
  <datafield tag="700" ind1="1" ind2=" ">
    <subfield code="a">Khuntia, Jiban,</subfield>
    <subfield code="d">1974-</subfield>
    <subfield code="e">editor.</subfield>
  </datafield>
  <datafield tag="700" ind1="1" ind2=" ">
    <subfield code="a">Ning, Xue,</subfield>
    <subfield code="d">1986-</subfield>
    <subfield code="e">editor.</subfield>
  </datafield>
  <datafield tag="700" ind1="1" ind2=" ">
    <subfield code="a">Tanniru, Mohan R.,</subfield>
    <subfield code="e">editor.</subfield>
  </datafield>
  <datafield tag="776" ind1="0" ind2="8">
    <subfield code="i">Online version:</subfield>
    <subfield code="t">Theory and practice of business intelligence in healthcare</subfield>
    <subfield code="d">Hershey, PA : Medical Information Science Reference, [2020].</subfield>
    <subfield code="z">9781799823117</subfield>
    <subfield code="w">(DLC) 2019039515</subfield>
  </datafield>
  <datafield tag="985" ind1=" " ind2=" ">
    <subfield code="a">DNLMCIP</subfield>
    <subfield code="d">2019-09-05</subfield>
  </datafield>
</record>