
<record>
  <leader>04075cam a22004098i 4500</leader>
  <controlfield tag="001">21199267</controlfield>
  <controlfield tag="005">20200103095254.0</controlfield>
  <controlfield tag="008">190910s2019    ne       b    001 0 eng  </controlfield>
  <datafield tag="906" ind1=" " ind2=" ">
    <subfield code="a">0</subfield>
    <subfield code="b">vip</subfield>
    <subfield code="c">orignew</subfield>
    <subfield code="d">1</subfield>
    <subfield code="e">ecip</subfield>
    <subfield code="f">20</subfield>
    <subfield code="g">y-gencatlg</subfield>
  </datafield>
  <datafield tag="925" ind1="0" ind2=" ">
    <subfield code="a">acquire</subfield>
    <subfield code="b">1 shelf copy</subfield>
    <subfield code="x">policy default</subfield>
  </datafield>
  <datafield tag="955" ind1=" " ind2=" ">
    <subfield code="b">re23 2019-09-10</subfield>
    <subfield code="i">re23 2019-09-10 to Dewey</subfield>
    <subfield code="w">re09 2019-09-20 to CIP</subfield>
    <subfield code="a">xn11 2020-01-03 1 copy rec&apos;d., to CIP ver.</subfield>
  </datafield>
  <datafield tag="010" ind1=" " ind2=" ">
    <subfield code="a">  2019037987</subfield>
  </datafield>
  <datafield tag="020" ind1=" " ind2=" ">
    <subfield code="a">9789004359123</subfield>
    <subfield code="q">(hardback)</subfield>
  </datafield>
  <datafield tag="020" ind1=" " ind2=" ">
    <subfield code="z">9789004415539</subfield>
    <subfield code="q">(ebook)</subfield>
  </datafield>
  <datafield tag="040" ind1=" " ind2=" ">
    <subfield code="a">DLC</subfield>
    <subfield code="b">eng</subfield>
    <subfield code="c">DLC</subfield>
    <subfield code="e">rda</subfield>
  </datafield>
  <datafield tag="042" ind1=" " ind2=" ">
    <subfield code="a">pcc</subfield>
  </datafield>
  <datafield tag="050" ind1="0" ind2="0">
    <subfield code="a">LB2322.2</subfield>
    <subfield code="b">.N46 2020</subfield>
  </datafield>
  <datafield tag="082" ind1="0" ind2="0">
    <subfield code="a">378.01</subfield>
    <subfield code="2">23</subfield>
  </datafield>
  <datafield tag="245" ind1="0" ind2="0">
    <subfield code="a">Neoliberalism and academic repression :</subfield>
    <subfield code="b">the fall of academic freedom in the era of Trump /</subfield>
    <subfield code="c">edited by Erik Juergensmeyer, Anthony J. Nocella II, Mark Seis.</subfield>
  </datafield>
  <datafield tag="263" ind1=" " ind2=" ">
    <subfield code="a">1111</subfield>
  </datafield>
  <datafield tag="264" ind1=" " ind2="1">
    <subfield code="a">Leiden ;</subfield>
    <subfield code="a">Boston :</subfield>
    <subfield code="b">Brill,</subfield>
    <subfield code="c">2020.</subfield>
  </datafield>
  <datafield tag="300" ind1=" " ind2=" ">
    <subfield code="a">pages cm</subfield>
  </datafield>
  <datafield tag="336" ind1=" " ind2=" ">
    <subfield code="a">text</subfield>
    <subfield code="b">txt</subfield>
    <subfield code="2">rdacontent</subfield>
  </datafield>
  <datafield tag="337" ind1=" " ind2=" ">
    <subfield code="a">unmediated</subfield>
    <subfield code="b">n</subfield>
    <subfield code="2">rdamedia</subfield>
  </datafield>
  <datafield tag="338" ind1=" " ind2=" ">
    <subfield code="a">volume</subfield>
    <subfield code="b">nc</subfield>
    <subfield code="2">rdacarrier</subfield>
  </datafield>
  <datafield tag="490" ind1="0" ind2=" ">
    <subfield code="a">Studies in critical social sciences,</subfield>
    <subfield code="x">15734234 ;</subfield>
    <subfield code="v">volume 149</subfield>
  </datafield>
  <datafield tag="504" ind1=" " ind2=" ">
    <subfield code="a">Includes bibliographical references and index.</subfield>
  </datafield>
  <datafield tag="505" ind1="0" ind2=" ">
    <subfield code="a">Introduction : the academic industrial complex : the dangers of corporate education and factory schooling / Erik Juergensmeyer, Anthony J. Nocella II and Mark Seis -- Marx, neoliberalism, and academic freedom : toward a dialectic of resistance and liberation / Peter Kirstein -- On the death throes of education : Erich Fromm&apos;s marxism and a rallying cry for a healthy university / Camila Bassi -- Pondering the neoliberal public university with the hhost of Foucault / Mark Seis -- Neoliberalism, discursive formations, and the educational intelligence complex / Erik Juergensmeyer and Brad Benz -- Academic repression of Latina/os in the United States educational system : a LatCrit perspective / Emil Marmol -- Mobilizing resistance against the shadow economies of global private tutoring / Ben Ristow -- Fun home, self-censorship, and emancipation beyond trigger warnings / Taine Duncan -- Debating against the grain : occupying policy debate in the face of repression / JL Schatz -- Cops on campus : nightstickology, postsecondary spaces, and the development of repressive gorces / Jeff Shantz -- Learning to labor : (anarcha) feminism, the myth of meritocracy, incivility and resistance for women in the neoliberal academy / Caroline K. Kaltefleiter -- The democratic potential of ecopedagogy in a neoliberal age / Sarah Giragosian -- Afterword / Kim Socha.</subfield>
  </datafield>
  <datafield tag="520" ind1=" " ind2=" ">
    <subfield code="a">&quot;Neoliberalism and Academic Repression: The Fall of Academic Freedom in the Era of Trump co-edited by Dr&apos;s Erik Juergensmeyer, Anthony J. Nocella II, and Mark Seis provides a theoretical examination of the current higher education system and explains how academia is being shaped into a corporate-factory-industrial-complex. This complex is transforming the relationships within and beyond the institution, transforming the mission of higher education from being the foundation of democracy to manager of professionalism. The outstanding contributors offer strategies of social change, policy suggestions, and important critiques of neoliberal practices. This timely collection challenges the neoliberal emphasis on valuation based on job readiness and outcome achievement-promoting equity, justice, and inclusivity in the process. Contributors include: Camila Bassi, Brad Benz, A. Peter Castro, Taine Duncan, Sarah Giragosian, Erik Juergensmeyer, Caroline K. Kaltefleiter, Peter Kirstein, Emil Marmol, Anthony J. Nocella II, Ben Ristow, JL Schatz, Mark Seis, Jeff Shantz, Kim Socha, Richard J. White&quot;--</subfield>
    <subfield code="c">Provided by publisher.</subfield>
  </datafield>
  <datafield tag="650" ind1=" " ind2="0">
    <subfield code="a">Education, Higher</subfield>
    <subfield code="x">Aims and objectives.</subfield>
  </datafield>
  <datafield tag="650" ind1=" " ind2="0">
    <subfield code="a">Academic freedom.</subfield>
  </datafield>
  <datafield tag="650" ind1=" " ind2="0">
    <subfield code="a">Neoliberalism.</subfield>
  </datafield>
  <datafield tag="650" ind1=" " ind2="0">
    <subfield code="a">Capitalism and education.</subfield>
  </datafield>
  <datafield tag="700" ind1="1" ind2=" ">
    <subfield code="a">Juergensmeyer, Erik,</subfield>
    <subfield code="e">editor.</subfield>
  </datafield>
  <datafield tag="700" ind1="1" ind2=" ">
    <subfield code="a">Nocella, Anthony J.,</subfield>
    <subfield code="e">editor.</subfield>
  </datafield>
  <datafield tag="700" ind1="1" ind2=" ">
    <subfield code="a">Seis, Mark C.,</subfield>
    <subfield code="e">editor.</subfield>
  </datafield>
  <datafield tag="776" ind1="0" ind2="8">
    <subfield code="i">Online version:</subfield>
    <subfield code="t">Neoliberalism and academic repression</subfield>
    <subfield code="d">Leiden ; Boston : Brill, 2020.</subfield>
    <subfield code="z">9789004415539</subfield>
    <subfield code="w">(DLC) 2019037988</subfield>
  </datafield>
</record>