
<record>
  <leader>02842cam a22004458i 4500</leader>
  <controlfield tag="001">21199446</controlfield>
  <controlfield tag="005">20200103100454.0</controlfield>
  <controlfield tag="008">190902s2019    gw       b    001 0 eng c</controlfield>
  <datafield tag="906" ind1=" " ind2=" ">
    <subfield code="a">0</subfield>
    <subfield code="b">vip</subfield>
    <subfield code="c">orignew</subfield>
    <subfield code="d">1</subfield>
    <subfield code="e">ecip</subfield>
    <subfield code="f">20</subfield>
    <subfield code="g">y-gencatlg</subfield>
  </datafield>
  <datafield tag="925" ind1="0" ind2=" ">
    <subfield code="a">acquire</subfield>
    <subfield code="b">2 shelf copies</subfield>
    <subfield code="x">policy default</subfield>
  </datafield>
  <datafield tag="955" ind1=" " ind2=" ">
    <subfield code="b">2019-09-02</subfield>
    <subfield code="e">rf06 2019-09-12 (telework) to Dewey</subfield>
    <subfield code="w">xm09 2019-09-12</subfield>
    <subfield code="a">xn11 2020-01-03 1 copy rec&apos;d., to CIP ver.</subfield>
  </datafield>
  <datafield tag="010" ind1=" " ind2=" ">
    <subfield code="a">  2019038109</subfield>
  </datafield>
  <datafield tag="020" ind1=" " ind2=" ">
    <subfield code="a">9783631793671</subfield>
    <subfield code="q">(hardcover)</subfield>
  </datafield>
  <datafield tag="020" ind1=" " ind2=" ">
    <subfield code="z">9783631793978</subfield>
    <subfield code="q">(ebook)</subfield>
  </datafield>
  <datafield tag="020" ind1=" " ind2=" ">
    <subfield code="z">9783631793985</subfield>
    <subfield code="q">(epub)</subfield>
  </datafield>
  <datafield tag="020" ind1=" " ind2=" ">
    <subfield code="z">9783631793992</subfield>
    <subfield code="q">(mobi)</subfield>
  </datafield>
  <datafield tag="040" ind1=" " ind2=" ">
    <subfield code="a">LBSOR/DLC</subfield>
    <subfield code="b">eng</subfield>
    <subfield code="c">DLC</subfield>
    <subfield code="e">rda</subfield>
  </datafield>
  <datafield tag="042" ind1=" " ind2=" ">
    <subfield code="a">pcc</subfield>
  </datafield>
  <datafield tag="043" ind1=" " ind2=" ">
    <subfield code="a">n-us---</subfield>
  </datafield>
  <datafield tag="050" ind1="0" ind2="0">
    <subfield code="a">E332.2</subfield>
    <subfield code="b">.H453 2019</subfield>
  </datafield>
  <datafield tag="082" ind1="0" ind2="0">
    <subfield code="a">973.4/6092</subfield>
    <subfield code="2">23</subfield>
  </datafield>
  <datafield tag="100" ind1="1" ind2=" ">
    <subfield code="a">Heller, Caroline,</subfield>
    <subfield code="d">1987-</subfield>
    <subfield code="e">author.</subfield>
  </datafield>
  <datafield tag="245" ind1="1" ind2="0">
    <subfield code="a">Appropriating Thomas Jefferson, 1929-1945 :</subfield>
    <subfield code="b">we are all Jeffersonians now /</subfield>
    <subfield code="c">Caroline Heller.</subfield>
  </datafield>
  <datafield tag="263" ind1=" " ind2=" ">
    <subfield code="a">1111</subfield>
  </datafield>
  <datafield tag="264" ind1=" " ind2="1">
    <subfield code="a">Berlin ;</subfield>
    <subfield code="a">New York :</subfield>
    <subfield code="b">Peter Lang,</subfield>
    <subfield code="c">[2019]</subfield>
  </datafield>
  <datafield tag="300" ind1=" " ind2=" ">
    <subfield code="a">pages cm.</subfield>
  </datafield>
  <datafield tag="336" ind1=" " ind2=" ">
    <subfield code="a">text</subfield>
    <subfield code="b">txt</subfield>
    <subfield code="2">rdacontent</subfield>
  </datafield>
  <datafield tag="337" ind1=" " ind2=" ">
    <subfield code="a">unmediated</subfield>
    <subfield code="b">n</subfield>
    <subfield code="2">rdamedia</subfield>
  </datafield>
  <datafield tag="338" ind1=" " ind2=" ">
    <subfield code="a">volume</subfield>
    <subfield code="b">nc</subfield>
    <subfield code="2">rdacarrier</subfield>
  </datafield>
  <datafield tag="490" ind1="0" ind2=" ">
    <subfield code="a">Mainzer Studien zur Amerikanistik,</subfield>
    <subfield code="x">0170-9135 ;</subfield>
    <subfield code="v">Vol. 74</subfield>
  </datafield>
  <datafield tag="504" ind1=" " ind2=" ">
    <subfield code="a">Includes bibliographical references and index.</subfield>
  </datafield>
  <datafield tag="505" ind1="0" ind2=" ">
    <subfield code="a">Introduction: &quot;We are all Jeffersonians now&quot; -- The first blossoms of a new bloom : the southern agrarians -- Memorializing Jefferson -- Appropriating Jefferson.</subfield>
  </datafield>
  <datafield tag="520" ind1=" " ind2=" ">
    <subfield code="a">&quot;This study counters the view that Franklin D. Roosevelt hegemonically exalted Thomas Jefferson to iconic dominance during the Great Depression. It analyzes the diversity of those who appropriated Jefferson to find answers to the socio-economic crisis and modern industrial capitalism. This discourse analysis, spanning the ideological spectrum between 1929-1945, reveals that the creation of the Jefferson icon -- in various forms of representation -- generated counterhegemonic varieties of Jefferson because the appropriators grafted their values onto the historical figure which led to its transformation. These competing versions of Jefferson expressed a reformed sense of national values not only through commonalities but through the flexibility of interpretative and representational differences&quot;--</subfield>
    <subfield code="c">Provided by publisher.</subfield>
  </datafield>
  <datafield tag="600" ind1="1" ind2="0">
    <subfield code="a">Jefferson, Thomas,</subfield>
    <subfield code="d">1743-1826</subfield>
    <subfield code="x">Influence.</subfield>
  </datafield>
  <datafield tag="600" ind1="1" ind2="0">
    <subfield code="a">Jefferson, Thomas,</subfield>
    <subfield code="d">1743-1826</subfield>
    <subfield code="x">Political and social views.</subfield>
  </datafield>
  <datafield tag="600" ind1="1" ind2="0">
    <subfield code="a">Roosevelt, Franklin D.</subfield>
    <subfield code="q">(Franklin Delano),</subfield>
    <subfield code="d">1882-1945</subfield>
    <subfield code="x">Political and social views.</subfield>
  </datafield>
  <datafield tag="650" ind1=" " ind2="0">
    <subfield code="a">Rhetoric</subfield>
    <subfield code="x">Political aspects</subfield>
    <subfield code="z">United States</subfield>
    <subfield code="x">History</subfield>
    <subfield code="y">20th century.</subfield>
  </datafield>
  <datafield tag="651" ind1=" " ind2="0">
    <subfield code="a">United States</subfield>
    <subfield code="x">Politics and government</subfield>
    <subfield code="y">1933-1945.</subfield>
  </datafield>
  <datafield tag="776" ind1="0" ind2="8">
    <subfield code="i">Online version:</subfield>
    <subfield code="a">Heller, Caroline, 1987-</subfield>
    <subfield code="t">Appropriating Thomas Jefferson, 1929-1945.</subfield>
    <subfield code="d">Berlin ; New York : Peter Lang, [2019]</subfield>
    <subfield code="z">9783631793978</subfield>
    <subfield code="w">(DLC)  2019038110</subfield>
  </datafield>
  <datafield tag="985" ind1=" " ind2=" ">
    <subfield code="a">LBSORCIP</subfield>
    <subfield code="d">2019-09-02</subfield>
  </datafield>
</record>