
<record>
  <leader>04523cam a22004098i 4500</leader>
  <controlfield tag="001">21199797</controlfield>
  <controlfield tag="005">20200103132020.0</controlfield>
  <controlfield tag="008">190905s2020    enk      b    001 0 eng  </controlfield>
  <datafield tag="906" ind1=" " ind2=" ">
    <subfield code="a">0</subfield>
    <subfield code="b">vip</subfield>
    <subfield code="c">orignew</subfield>
    <subfield code="d">1</subfield>
    <subfield code="e">ecip</subfield>
    <subfield code="f">20</subfield>
    <subfield code="g">y-gencatlg</subfield>
  </datafield>
  <datafield tag="925" ind1="0" ind2=" ">
    <subfield code="a">acquire</subfield>
    <subfield code="b">1 shelf copy</subfield>
    <subfield code="x">policy default</subfield>
  </datafield>
  <datafield tag="955" ind1=" " ind2=" ">
    <subfield code="b">MdRoLAC 2019-09-01</subfield>
    <subfield code="e">re24 2019-09-12 to Dewey</subfield>
    <subfield code="w">re09 2019-09-19 to CIP</subfield>
    <subfield code="a">xn11 2020-01-03 1 copy rec&apos;d., to CIP ver.</subfield>
  </datafield>
  <datafield tag="010" ind1=" " ind2=" ">
    <subfield code="a">  2019035202</subfield>
  </datafield>
  <datafield tag="020" ind1=" " ind2=" ">
    <subfield code="a">9781138363441</subfield>
    <subfield code="q">(hardback)</subfield>
  </datafield>
  <datafield tag="020" ind1=" " ind2=" ">
    <subfield code="a">9781138363465</subfield>
    <subfield code="q">(paperback)</subfield>
  </datafield>
  <datafield tag="020" ind1=" " ind2=" ">
    <subfield code="z">9780429431616</subfield>
    <subfield code="q">(ebook)</subfield>
  </datafield>
  <datafield tag="040" ind1=" " ind2=" ">
    <subfield code="a">LBSOR/DLC</subfield>
    <subfield code="b">eng</subfield>
    <subfield code="c">DLC</subfield>
    <subfield code="e">rda</subfield>
  </datafield>
  <datafield tag="042" ind1=" " ind2=" ">
    <subfield code="a">pcc</subfield>
  </datafield>
  <datafield tag="050" ind1="0" ind2="0">
    <subfield code="a">LC1036</subfield>
    <subfield code="b">.I47 2020</subfield>
  </datafield>
  <datafield tag="082" ind1="0" ind2="0">
    <subfield code="a">372.42/5</subfield>
    <subfield code="2">23</subfield>
  </datafield>
  <datafield tag="245" ind1="0" ind2="0">
    <subfield code="a">Intergenerational learning in practice :</subfield>
    <subfield code="b">together old and young /</subfield>
    <subfield code="c">edited by Margeret Kernan and Giulia Cortellesi.</subfield>
  </datafield>
  <datafield tag="250" ind1=" " ind2=" ">
    <subfield code="a">First edition.</subfield>
  </datafield>
  <datafield tag="263" ind1=" " ind2=" ">
    <subfield code="a">1111</subfield>
  </datafield>
  <datafield tag="264" ind1=" " ind2="1">
    <subfield code="a">Abingdon, Oxon ;</subfield>
    <subfield code="a">New York, NY :</subfield>
    <subfield code="b">Routledge,</subfield>
    <subfield code="c">2020.</subfield>
  </datafield>
  <datafield tag="300" ind1=" " ind2=" ">
    <subfield code="a">pages cm</subfield>
  </datafield>
  <datafield tag="336" ind1=" " ind2=" ">
    <subfield code="a">text</subfield>
    <subfield code="b">txt</subfield>
    <subfield code="2">rdacontent</subfield>
  </datafield>
  <datafield tag="337" ind1=" " ind2=" ">
    <subfield code="a">unmediated</subfield>
    <subfield code="b">n</subfield>
    <subfield code="2">rdamedia</subfield>
  </datafield>
  <datafield tag="338" ind1=" " ind2=" ">
    <subfield code="a">volume</subfield>
    <subfield code="b">nc</subfield>
    <subfield code="2">rdacarrier</subfield>
  </datafield>
  <datafield tag="504" ind1=" " ind2=" ">
    <subfield code="a">Includes bibliographical references and index.</subfield>
  </datafield>
  <datafield tag="505" ind1="0" ind2=" ">
    <subfield code="a">Introduction to TOY approach to intergenerational learning / Margaret Kernan and Giulia Cortellesi -- The changing lives and relationships of young children and older adults: implications for intergenerational learning / Carmel Gallagher -- Towards a pedagogy of intergenerational learning / Anne Fitzpatrick -- &quot;Old peoples home for 4-year-olds&quot;: a social experiment looking at the impact of contact on health and wellbeing / Rachael Dutton and David Williams -- Hearing children&apos;s voices in intergenerational learning and practice / Jennifer Cartmel, Katrina Radford, Kevin Bell, Xanthe Golenko and Anneke Fitzgerald -- Everyday encounters in public spaces - spatial potentials for intergenerational relationships / Dominique Hauderowicz and Kristian Ly Serena -- Building all-age friendly communities and services / Victoria Titterington, Julie Melville and Lynn Johnston -- Playing for cohesion / Stanislav Daniel, Szilvia Rezmuves, Giulia Cortellesi and Zorica Trikic -- Young children and older adults under one roof: Providence Mount St. Vincent, Seattle, a pioneer of intergenerational care / Susan P. Clark and Marie L. Hoover -- Intergenerational learning in Australian Aboriginal communities / Libby Lee-Hammond, Jessica Harpley and Elizabeth Jackson-Barrett -- The role of the pedagogical coach in the encounter between older adults and children in Belgium / Joke Den Haese -- An intergenerational early childhood sustainable skills project / Diane Boyd and Catherine McNeill -- An intergenerational summer camp in Italy / Silvia Porta and Ilaria Farina -- Ensuring quality in intergenerational practice / Margaret Kernan, Carla Dessi and Giulia Cortellesi.</subfield>
  </datafield>
  <datafield tag="520" ind1=" " ind2=" ">
    <subfield code="a">&quot;Based on innovative global practice, Intergenerational Learning in Practice presents a unique contribution to the field of intergenerational learning. Drawing on the Together Old and Young (TOY) programme, this book provides a comprehensive background to intergenerational learning, along with tools and resources to help develop and improve your own intergenerational practice. The range of experienced and international authors from Europe, North America and Australia provide a broad array of perspectives on intergenerational learning, ranging from pedagogy to planning and community development, and covering topics including: The context, theory and existing research behind intergenerational learning The changing relationships between young children and older adults Building communities and services for all ages Managing everyday encounters in public spaces between young and old Ensuring quality in intergenerational practice Insights on how intergenerational learning challenges discrimination Intergenerational Learning in Practice is a valuable resource for practitioners and leaders in Early Childhood Education and Care and those working in primary schools, as well as professionals caring for older adults, and those working in community development&quot;--</subfield>
    <subfield code="c">Provided by publisher.</subfield>
  </datafield>
  <datafield tag="650" ind1=" " ind2="0">
    <subfield code="a">Community education.</subfield>
  </datafield>
  <datafield tag="650" ind1=" " ind2="0">
    <subfield code="a">Intergenerational relations.</subfield>
  </datafield>
  <datafield tag="650" ind1=" " ind2="0">
    <subfield code="a">Children and older people.</subfield>
  </datafield>
  <datafield tag="700" ind1="1" ind2=" ">
    <subfield code="a">Kernan, Margaret,</subfield>
    <subfield code="e">editor.</subfield>
  </datafield>
  <datafield tag="700" ind1="1" ind2=" ">
    <subfield code="a">Cortellesi, Giulia,</subfield>
    <subfield code="e">editor.</subfield>
  </datafield>
  <datafield tag="776" ind1="0" ind2="8">
    <subfield code="i">Online version:</subfield>
    <subfield code="t">Intergenerational learning in practice.</subfield>
    <subfield code="b">First edition.</subfield>
    <subfield code="d">Abingdon, Oxon ; New York, NY : Routledge, 2020</subfield>
    <subfield code="z">9780429431616</subfield>
    <subfield code="w">(DLC)  2019035203</subfield>
  </datafield>
  <datafield tag="985" ind1=" " ind2=" ">
    <subfield code="a">LBSORCIP</subfield>
    <subfield code="d">2019-09-10</subfield>
  </datafield>
</record>