
<record>
  <leader>03970cam a22003618i 4500</leader>
  <controlfield tag="001">21203378</controlfield>
  <controlfield tag="005">20200103105533.0</controlfield>
  <controlfield tag="008">190912s2020    vtu      b    001 0 eng  </controlfield>
  <datafield tag="906" ind1=" " ind2=" ">
    <subfield code="a">0</subfield>
    <subfield code="b">vip</subfield>
    <subfield code="c">orignew</subfield>
    <subfield code="d">1</subfield>
    <subfield code="e">ecip</subfield>
    <subfield code="f">20</subfield>
    <subfield code="g">y-gencatlg</subfield>
  </datafield>
  <datafield tag="925" ind1="0" ind2=" ">
    <subfield code="a">acquire</subfield>
    <subfield code="b">1 shelf copy</subfield>
    <subfield code="x">policy default</subfield>
  </datafield>
  <datafield tag="955" ind1=" " ind2=" ">
    <subfield code="b">re23 2019-09-12</subfield>
    <subfield code="i">re23 2019-09-12 (telework) to Dewey</subfield>
    <subfield code="w">xm09 2019-09-12</subfield>
    <subfield code="a">xn11 2020-01-03 1 copy rec&apos;d., to CIP ver.</subfield>
  </datafield>
  <datafield tag="010" ind1=" " ind2=" ">
    <subfield code="a">  2019028021</subfield>
  </datafield>
  <datafield tag="020" ind1=" " ind2=" ">
    <subfield code="a">9781591433606</subfield>
    <subfield code="q">(trade paperback)</subfield>
  </datafield>
  <datafield tag="020" ind1=" " ind2=" ">
    <subfield code="z">9781591433613</subfield>
    <subfield code="q">(ebook)</subfield>
  </datafield>
  <datafield tag="040" ind1=" " ind2=" ">
    <subfield code="a">DLC</subfield>
    <subfield code="b">eng</subfield>
    <subfield code="c">DLC</subfield>
    <subfield code="e">rda</subfield>
  </datafield>
  <datafield tag="042" ind1=" " ind2=" ">
    <subfield code="a">pcc</subfield>
  </datafield>
  <datafield tag="050" ind1="0" ind2="0">
    <subfield code="a">GR740</subfield>
    <subfield code="b">.B78 2020</subfield>
  </datafield>
  <datafield tag="082" ind1="0" ind2="0">
    <subfield code="a">398/.469</subfield>
    <subfield code="2">23</subfield>
  </datafield>
  <datafield tag="100" ind1="1" ind2=" ">
    <subfield code="a">Brunke, Dawn Baumann,</subfield>
    <subfield code="e">author.</subfield>
  </datafield>
  <datafield tag="245" ind1="1" ind2="0">
    <subfield code="a">Awakening the ancient power of snake :</subfield>
    <subfield code="b">transformation, healing, and enlightenment /</subfield>
    <subfield code="c">Dawn Baumann Brunke.</subfield>
  </datafield>
  <datafield tag="263" ind1=" " ind2=" ">
    <subfield code="a">1111</subfield>
  </datafield>
  <datafield tag="264" ind1=" " ind2="1">
    <subfield code="a">Rochester, Vermont :</subfield>
    <subfield code="b">Bear &amp; Company,</subfield>
    <subfield code="c">2020.</subfield>
  </datafield>
  <datafield tag="300" ind1=" " ind2=" ">
    <subfield code="a">pages cm</subfield>
  </datafield>
  <datafield tag="336" ind1=" " ind2=" ">
    <subfield code="a">text</subfield>
    <subfield code="b">txt</subfield>
    <subfield code="2">rdacontent</subfield>
  </datafield>
  <datafield tag="337" ind1=" " ind2=" ">
    <subfield code="a">unmediated</subfield>
    <subfield code="b">n</subfield>
    <subfield code="2">rdamedia</subfield>
  </datafield>
  <datafield tag="338" ind1=" " ind2=" ">
    <subfield code="a">volume</subfield>
    <subfield code="b">nc</subfield>
    <subfield code="2">rdacarrier</subfield>
  </datafield>
  <datafield tag="504" ind1=" " ind2=" ">
    <subfield code="a">Includes bibliographical references and index.</subfield>
  </datafield>
  <datafield tag="520" ind1=" " ind2=" ">
    <subfield code="a">&quot;A look at the mythic, archetypal, and transformational aspects of Snake Explores how and why Snake was transformed from esteemed advisor and guardian of ancient wisdom to a symbol of deception and evil Examines Snake&apos;s healing powers, its role in awakening kundalini, and its connections to dreams, shamanism, alchemy, and the Goddess Shares transformational stories and practical ways that Snake can help us travel through the imaginal realm, gather treasure from the psyche, and shed outgrown aspects of self Entwined with human consciousness since prehistoric times, Snake has always been associated with transformation--from the shedding of its skin to the rising of kundalini energy. In ancient times, Snake served as protector and advisor to gods, goddesses, and royalty. But with the story of Adam and Eve, Snake became the enemy--a tempter and deceiver. How did this happen and why do humans continue to fear and vilify Snake? Inspired by a vivid dream of an immense snake that lost its tail, animal communicator Dawn Baumann Brunke investigates the interwoven history of Snake and humanity and explores how we can once again access Snake&apos;s wisdom and harness its powerful ability to heal, transform, and awaken. Uncovering ties between Snake and Goddess, the author demonstrates how both were systematically suppressed millennia ago with the spread of a patriarchal perspective that valued mastery over nature, God over Goddess. Brunke reveals how myths that originally extolled the virtues of Snake and Goddess were refashioned, recreating their images as debased and untrustworthy. She explores why snakes show up in shamanic journeys and transformational dreams and how their unique presence in our world can serve as catalysts of change, truth-telling, and enlightenment. Examining Snake&apos;s role in awakening human consciousness, Brunke considers the alchemical role of the serpent as well as Snake&apos;s connections to ancient healing, modern medicine, and even the DNA molecule. She shares psycho-activating stories to help trigger transformation and provide graceful movement through the chaos of change. And she offers practical techniques to journey with Snake through inner worlds, to shed confining aspects of self, and to integrate experiences more holistically. Brunke shows how we need to re-embrace the ancient power of Snake to better support our return to a more balanced consciousness--one that reunites nature with spirit, sacred masculine with sacred feminine--as we strive for global change and personal awakening&quot;--</subfield>
    <subfield code="c">Provided by publisher.</subfield>
  </datafield>
  <datafield tag="650" ind1=" " ind2="0">
    <subfield code="a">Snakes</subfield>
    <subfield code="x">Folklore.</subfield>
  </datafield>
  <datafield tag="650" ind1=" " ind2="0">
    <subfield code="a">Snakes</subfield>
    <subfield code="x">Symbolic aspects.</subfield>
  </datafield>
  <datafield tag="650" ind1=" " ind2="0">
    <subfield code="a">Serpents</subfield>
    <subfield code="x">Folklore.</subfield>
  </datafield>
  <datafield tag="650" ind1=" " ind2="0">
    <subfield code="a">Serpents</subfield>
    <subfield code="x">Symbolic aspects.</subfield>
  </datafield>
  <datafield tag="776" ind1="0" ind2="8">
    <subfield code="i">Online version:</subfield>
    <subfield code="a">Brunke, Dawn Baumann,</subfield>
    <subfield code="t">Awakening the ancient power of snake</subfield>
    <subfield code="d">Rochester, Vermont : Bear &amp; Company, 2020.</subfield>
    <subfield code="z">9781591433613</subfield>
    <subfield code="w">(DLC) 2019028022</subfield>
  </datafield>
</record>