
<record>
  <leader>03595cam a22003978i 4500</leader>
  <controlfield tag="001">21206458</controlfield>
  <controlfield tag="005">20200103094848.0</controlfield>
  <controlfield tag="008">190916s2020    nyu      b    001 0 eng  </controlfield>
  <datafield tag="906" ind1=" " ind2=" ">
    <subfield code="a">0</subfield>
    <subfield code="b">vip</subfield>
    <subfield code="c">orignew</subfield>
    <subfield code="d">1</subfield>
    <subfield code="e">ecip</subfield>
    <subfield code="f">20</subfield>
    <subfield code="g">y-gencatlg</subfield>
  </datafield>
  <datafield tag="925" ind1="0" ind2=" ">
    <subfield code="a">acquire</subfield>
    <subfield code="b">1 shelf copy</subfield>
    <subfield code="x">policy default</subfield>
  </datafield>
  <datafield tag="955" ind1=" " ind2=" ">
    <subfield code="b">re17 2019-09-16</subfield>
    <subfield code="i">re17 2019-09-16 (episodic)</subfield>
    <subfield code="a">re17 2019-09-18 to Dewey</subfield>
    <subfield code="w">re09 2019-09-20 to CIP</subfield>
    <subfield code="a">xn11 2020-01-03 1 copy rec&apos;d., to CIP ver.</subfield>
  </datafield>
  <datafield tag="010" ind1=" " ind2=" ">
    <subfield code="a">  2019039681</subfield>
  </datafield>
  <datafield tag="020" ind1=" " ind2=" ">
    <subfield code="a">9780367225766</subfield>
    <subfield code="q">(hardback)</subfield>
  </datafield>
  <datafield tag="020" ind1=" " ind2=" ">
    <subfield code="a">9780367225759</subfield>
    <subfield code="q">(paperback)</subfield>
  </datafield>
  <datafield tag="020" ind1=" " ind2=" ">
    <subfield code="z">9780429275715</subfield>
    <subfield code="q">(ebook)</subfield>
  </datafield>
  <datafield tag="040" ind1=" " ind2=" ">
    <subfield code="a">DLC</subfield>
    <subfield code="b">eng</subfield>
    <subfield code="c">DLC</subfield>
    <subfield code="e">rda</subfield>
  </datafield>
  <datafield tag="042" ind1=" " ind2=" ">
    <subfield code="a">pcc</subfield>
  </datafield>
  <datafield tag="050" ind1="0" ind2="0">
    <subfield code="a">LB3013</subfield>
    <subfield code="b">.E38 2020</subfield>
  </datafield>
  <datafield tag="082" ind1="0" ind2="0">
    <subfield code="a">371.102/4</subfield>
    <subfield code="2">23</subfield>
  </datafield>
  <datafield tag="245" ind1="0" ind2="0">
    <subfield code="a">Education Write Now,</subfield>
    <subfield code="n">Volume III :</subfield>
    <subfield code="b">Solutions to Common Challenges in Your School or Classroom /</subfield>
    <subfield code="c">Edited by Jeffrey Zoul and Sanée Bell.</subfield>
  </datafield>
  <datafield tag="263" ind1=" " ind2=" ">
    <subfield code="a">1111</subfield>
  </datafield>
  <datafield tag="264" ind1=" " ind2="1">
    <subfield code="a">New York, NY :</subfield>
    <subfield code="b">Routledge,</subfield>
    <subfield code="c">2020.</subfield>
  </datafield>
  <datafield tag="300" ind1=" " ind2=" ">
    <subfield code="a">pages cm.</subfield>
  </datafield>
  <datafield tag="336" ind1=" " ind2=" ">
    <subfield code="a">text</subfield>
    <subfield code="b">txt</subfield>
    <subfield code="2">rdacontent</subfield>
  </datafield>
  <datafield tag="337" ind1=" " ind2=" ">
    <subfield code="a">unmediated</subfield>
    <subfield code="b">n</subfield>
    <subfield code="2">rdamedia</subfield>
  </datafield>
  <datafield tag="338" ind1=" " ind2=" ">
    <subfield code="a">volume</subfield>
    <subfield code="b">nc</subfield>
    <subfield code="2">rdacarrier</subfield>
  </datafield>
  <datafield tag="490" ind1="0" ind2=" ">
    <subfield code="a">Eye on Education</subfield>
  </datafield>
  <datafield tag="504" ind1=" " ind2=" ">
    <subfield code="a">Includes bibliographical references and index.</subfield>
  </datafield>
  <datafield tag="505" ind1="0" ind2=" ">
    <subfield code="a">Personal Challenges as a Teacher -- Challenge: Sustaining Joy / Lynell Powell -- Challenge: Breaking Free from Isolation in our Schools / Rachelle Dene Poth -- Challenges in Your Classroom -- Challenge: Broadening Our Definition of Literacy / Jennifer Casa-Todd -- Challenge: Making Libraries Relevant / Josh Stumpenhorst -- Challenge: Developing Perseverance in Kids / David Geurin -- Challenge: Promoting Positive Student Behavior / Jeffrey Zoul -- Challenge: Connecting with Students of Color / Sanée Bell -- Challenges in Your School -- Challenge: Elevating Instructional Leadership / Ross Cooper -- Challenge: Shifting Professional Learning from Compliance to Empowerment / Katie Martin -- Challenge: Maintaining Staff Morale / Danny Steele.</subfield>
  </datafield>
  <datafield tag="520" ind1=" " ind2=" ">
    <subfield code="a">&quot;In this innovative series Education Write Now, ten of education&apos;s most inspiring thought-leaders meet for a three-day retreat to think and write collaboratively, and then bring you the top takeaways you need right now to improve your school or classroom. This third volume, edited by Jeff Zoul and Sanée Bell, focuses on overcoming common problems in your classroom or school. There are many challenges we face as educators, no matter what kind of district or building we work in. The authors provide practical, insightful solutions and inspiring stories to motivate you on your journey, so you can get past the roadblocks and focus on what matters most-bringing all students to success. Topics include: Sustaining Joy (Lynell Powell) Breaking Free from Isolation (Rachelle Dene Poth)  Broadening Our Definition of Literacy (Jennifer Casa-Todd) Making Libraries Relevant (Josh Stumpenhorst) Developing Perseverance in Kids (David Geurin)  Promoting Positive Student Behavior (Jeffrey Zoul) Connecting with Students of Color (Sanée Bell)  Elevating Instructional Supervision (Ross Cooper) Shifting Professional Learning (Katie Martin) Maintaining Staff Morale (Danny Steele) The royalties generated from this book will support the Will to Live Foundation, a nonprofit foundation working to prevent teen suicide&quot;--</subfield>
    <subfield code="c">Provided by publisher.</subfield>
  </datafield>
  <datafield tag="650" ind1=" " ind2="0">
    <subfield code="a">Classroom management.</subfield>
  </datafield>
  <datafield tag="650" ind1=" " ind2="0">
    <subfield code="a">Motivation in education.</subfield>
  </datafield>
  <datafield tag="650" ind1=" " ind2="0">
    <subfield code="a">Teacher-student relationships.</subfield>
  </datafield>
  <datafield tag="700" ind1="1" ind2=" ">
    <subfield code="a">Zoul, Jeffrey,</subfield>
    <subfield code="e">editor.</subfield>
  </datafield>
  <datafield tag="700" ind1="1" ind2=" ">
    <subfield code="a">Bell, Sanée,</subfield>
    <subfield code="e">editor.</subfield>
  </datafield>
  <datafield tag="776" ind1="0" ind2="8">
    <subfield code="i">Online version:</subfield>
    <subfield code="t">Education write now, volume III</subfield>
    <subfield code="b">1.</subfield>
    <subfield code="d">New York, NY : Routledge, 2020.</subfield>
    <subfield code="z">9780429275715</subfield>
    <subfield code="w">(DLC) 2019039682</subfield>
  </datafield>
</record>