
<record>
  <leader>02530cam a2200361 i 4500</leader>
  <controlfield tag="001">21210187</controlfield>
  <controlfield tag="005">20200103131150.0</controlfield>
  <controlfield tag="008">190918t20192019nyu      b    001 0 eng  </controlfield>
  <datafield tag="906" ind1=" " ind2=" ">
    <subfield code="a">7</subfield>
    <subfield code="b">cbc</subfield>
    <subfield code="c">orignew</subfield>
    <subfield code="d">1</subfield>
    <subfield code="e">ecip</subfield>
    <subfield code="f">20</subfield>
    <subfield code="g">y-gencatlg</subfield>
  </datafield>
  <datafield tag="925" ind1="0" ind2=" ">
    <subfield code="a">acquire</subfield>
    <subfield code="b">1 shelf copy</subfield>
    <subfield code="x">policy default</subfield>
  </datafield>
  <datafield tag="955" ind1=" " ind2=" ">
    <subfield code="b">PSt 2019-09-18</subfield>
    <subfield code="e">rl02 2019-09-23 to Dewey</subfield>
    <subfield code="w">xm06 2019-09-30</subfield>
    <subfield code="a">xn17 2019-11-22 1 copy rec&apos;d., to CIP ver.</subfield>
    <subfield code="a">rl00 2019-11-26 to SMA</subfield>
    <subfield code="a">rl02 2019-11-26</subfield>
    <subfield code="f">rl02 2020-01-03 to CALM</subfield>
  </datafield>
  <datafield tag="010" ind1=" " ind2=" ">
    <subfield code="a">  2019041695</subfield>
  </datafield>
  <datafield tag="020" ind1=" " ind2=" ">
    <subfield code="a">9781536163483</subfield>
    <subfield code="q">(hardcover)</subfield>
  </datafield>
  <datafield tag="020" ind1=" " ind2=" ">
    <subfield code="z">9781536163490</subfield>
    <subfield code="q">(adobe pdf)</subfield>
  </datafield>
  <datafield tag="040" ind1=" " ind2=" ">
    <subfield code="a">PSt/DLC</subfield>
    <subfield code="b">eng</subfield>
    <subfield code="c">DLC</subfield>
    <subfield code="e">rda</subfield>
    <subfield code="d">DLC</subfield>
  </datafield>
  <datafield tag="042" ind1=" " ind2=" ">
    <subfield code="a">pcc</subfield>
  </datafield>
  <datafield tag="050" ind1="0" ind2="0">
    <subfield code="a">QB791.3</subfield>
    <subfield code="b">.C56 2019</subfield>
  </datafield>
  <datafield tag="082" ind1="0" ind2="0">
    <subfield code="a">523.01</subfield>
    <subfield code="2">23</subfield>
  </datafield>
  <datafield tag="245" ind1="0" ind2="2">
    <subfield code="a">A closer look at dark energy /</subfield>
    <subfield code="c">Davood Sadatian, editor.</subfield>
  </datafield>
  <datafield tag="264" ind1=" " ind2="1">
    <subfield code="a">New York :</subfield>
    <subfield code="b">Nova Science Publishers,</subfield>
    <subfield code="c">[2019]</subfield>
  </datafield>
  <datafield tag="264" ind1=" " ind2="4">
    <subfield code="c">©2019.</subfield>
  </datafield>
  <datafield tag="300" ind1=" " ind2=" ">
    <subfield code="a">viii, 203 pages ;</subfield>
    <subfield code="c">23 cm.</subfield>
  </datafield>
  <datafield tag="336" ind1=" " ind2=" ">
    <subfield code="a">text</subfield>
    <subfield code="b">txt</subfield>
    <subfield code="2">rdacontent</subfield>
  </datafield>
  <datafield tag="337" ind1=" " ind2=" ">
    <subfield code="a">unmediated</subfield>
    <subfield code="b">n</subfield>
    <subfield code="2">rdamedia</subfield>
  </datafield>
  <datafield tag="338" ind1=" " ind2=" ">
    <subfield code="a">volume</subfield>
    <subfield code="b">nc</subfield>
    <subfield code="2">rdacarrier</subfield>
  </datafield>
  <datafield tag="490" ind1="0" ind2=" ">
    <subfield code="a">Advances in astronomy and astrophysics</subfield>
  </datafield>
  <datafield tag="504" ind1=" " ind2=" ">
    <subfield code="a">Includes bibliographical references and index.</subfield>
  </datafield>
  <datafield tag="505" ind1="0" ind2=" ">
    <subfield code="a">Dark energy, motivation and candidates / Salah Eddine Ennadifi -- The equivalence principle applicability boundaries, measurability, gravity and dark energy problem / Alexander E. Shalyt-Margolin -- The behaviors of a candidate for dark energy from ur-Higgs boson / Kazuyoshi Kitazawa -- Non-equilibrium evolution of quantum fields during inflation and later accelerating expansion / Houri Ziaeepour.</subfield>
  </datafield>
  <datafield tag="520" ind1=" " ind2=" ">
    <subfield code="a">&quot;The universe is in a period of accelerated expansion; and the observational evidence such as supernova of Ia type, Cosmic Microwave Background radiation (CMB) and Baryon Acoustic Oscillations (BAO) confirm this accelerating expansion. Despite the great number of observational evidence, the responsible mechanism for this accelerating expansion is still unknown, and thus several models have been proposed for this phenomenon. The simplest proposed model in the general relativity is a cosmic model with a dominant component that is considered as a fluid with negative pressure and constant density (means Dark Energy component) . In this book, we consider effects of Dark Energy content on the universe.&quot;--</subfield>
    <subfield code="c">Provided by publisher.</subfield>
  </datafield>
  <datafield tag="650" ind1=" " ind2="0">
    <subfield code="a">Dark energy (Astronomy)</subfield>
  </datafield>
  <datafield tag="700" ind1="1" ind2=" ">
    <subfield code="a">Sadatian, Davood,</subfield>
    <subfield code="d">1980-</subfield>
    <subfield code="e">editor.</subfield>
  </datafield>
  <datafield tag="776" ind1="0" ind2="8">
    <subfield code="i">Online version:</subfield>
    <subfield code="t">A closer look at dark energy</subfield>
    <subfield code="d">New York : Nova Science Publishers, [2019]</subfield>
    <subfield code="z">9781536163490</subfield>
    <subfield code="w">(DLC) 2019041696</subfield>
  </datafield>
  <datafield tag="985" ind1=" " ind2=" ">
    <subfield code="a">PStCIP</subfield>
    <subfield code="d">2019-09-18</subfield>
  </datafield>
</record>