
<record>
  <leader>04844cam a22004338i 4500</leader>
  <controlfield tag="001">21211899</controlfield>
  <controlfield tag="005">20200103110718.0</controlfield>
  <controlfield tag="008">190919s2019    msu      b    001 0 eng  </controlfield>
  <datafield tag="906" ind1=" " ind2=" ">
    <subfield code="a">0</subfield>
    <subfield code="b">vip</subfield>
    <subfield code="c">orignew</subfield>
    <subfield code="d">1</subfield>
    <subfield code="e">ecip</subfield>
    <subfield code="f">20</subfield>
    <subfield code="g">y-gencatlg</subfield>
  </datafield>
  <datafield tag="925" ind1="0" ind2=" ">
    <subfield code="a">acquire</subfield>
    <subfield code="b">1 shelf copy</subfield>
    <subfield code="x">policy default</subfield>
  </datafield>
  <datafield tag="955" ind1=" " ind2=" ">
    <subfield code="b">MsSM 2019-09-19</subfield>
    <subfield code="e">xk06 2019-09-23 to Dewey</subfield>
    <subfield code="w">xm04 2019-09-24</subfield>
    <subfield code="a">xn11 2020-01-03 1 copy rec&apos;d., to CIP ver.</subfield>
  </datafield>
  <datafield tag="010" ind1=" " ind2=" ">
    <subfield code="a">  2019030130</subfield>
  </datafield>
  <datafield tag="020" ind1=" " ind2=" ">
    <subfield code="a">9781496826145</subfield>
    <subfield code="q">(hardback)</subfield>
  </datafield>
  <datafield tag="020" ind1=" " ind2=" ">
    <subfield code="a">9781496826152</subfield>
    <subfield code="q">(trade paperback)</subfield>
  </datafield>
  <datafield tag="020" ind1=" " ind2=" ">
    <subfield code="z">9781496826169</subfield>
    <subfield code="q">(epub)</subfield>
  </datafield>
  <datafield tag="020" ind1=" " ind2=" ">
    <subfield code="z">9781496826176</subfield>
    <subfield code="q">(epub)</subfield>
  </datafield>
  <datafield tag="020" ind1=" " ind2=" ">
    <subfield code="z">9781496826183</subfield>
    <subfield code="q">(pdf)</subfield>
  </datafield>
  <datafield tag="020" ind1=" " ind2=" ">
    <subfield code="z">9781496826190</subfield>
    <subfield code="q">(pdf)</subfield>
  </datafield>
  <datafield tag="040" ind1=" " ind2=" ">
    <subfield code="a">MsSM/DLC</subfield>
    <subfield code="b">eng</subfield>
    <subfield code="c">DLC</subfield>
    <subfield code="e">rda</subfield>
  </datafield>
  <datafield tag="042" ind1=" " ind2=" ">
    <subfield code="a">pcc</subfield>
  </datafield>
  <datafield tag="050" ind1="0" ind2="0">
    <subfield code="a">PS3545.E6</subfield>
    <subfield code="b">N49 2019</subfield>
  </datafield>
  <datafield tag="082" ind1="0" ind2="0">
    <subfield code="a">813/.52</subfield>
    <subfield code="2">23</subfield>
  </datafield>
  <datafield tag="245" ind1="0" ind2="0">
    <subfield code="a">New essays on Eudora Welty, class, and race /</subfield>
    <subfield code="c">Edited by Harriet Pollack.</subfield>
  </datafield>
  <datafield tag="263" ind1=" " ind2=" ">
    <subfield code="a">1111</subfield>
  </datafield>
  <datafield tag="264" ind1=" " ind2="1">
    <subfield code="a">Jackson :</subfield>
    <subfield code="b">University Press of Mississippi,</subfield>
    <subfield code="c">2019.</subfield>
  </datafield>
  <datafield tag="300" ind1=" " ind2=" ">
    <subfield code="a">pages cm</subfield>
  </datafield>
  <datafield tag="336" ind1=" " ind2=" ">
    <subfield code="a">text</subfield>
    <subfield code="b">txt</subfield>
    <subfield code="2">rdacontent</subfield>
  </datafield>
  <datafield tag="337" ind1=" " ind2=" ">
    <subfield code="a">unmediated</subfield>
    <subfield code="b">n</subfield>
    <subfield code="2">rdamedia</subfield>
  </datafield>
  <datafield tag="338" ind1=" " ind2=" ">
    <subfield code="a">volume</subfield>
    <subfield code="b">nc</subfield>
    <subfield code="2">rdacarrier</subfield>
  </datafield>
  <datafield tag="490" ind1="1" ind2=" ">
    <subfield code="a">Critical perspectives on Eudora Welty</subfield>
  </datafield>
  <datafield tag="504" ind1=" " ind2=" ">
    <subfield code="a">Includes bibliographical references and index.</subfield>
  </datafield>
  <datafield tag="505" ind1="0" ind2=" ">
    <subfield code="a">Eudora Welty, Whiteness, and Race Reconsidered: An Introduction / Harriet Pollack -- Transformative Performances: Eudora Welty&apos;s &quot;Negro State Fair Parade&quot; Photographs / Annette Trefzer -- The Lynched Earth: Trees, Trespass, and Political Intelligence in Welty&apos;s &quot;A Worn Path&quot; and Morrison&apos;s Home / Donnie McMahand and Kevin L. Murphy -- Specters on Staircases: Race, Property, and the Gothic in William Faulkner&apos;s Absalom, Absalom!, Eudora Welty&apos;s Delta Wedding, and Toni Morrison&apos;s Song of Solomon / Sarah Gilbreath Ford -- Moon Lake&apos;s Orphans and &quot;The Other Way to Live&quot; / Jean C. Griffith -- The Boogie in the Bush: The Boundaries of Race, Nature, and Desire in Eudora Welty&apos;s The Golden Apples / Christin Marie Taylor -- For Crying Out Loud, or &quot;The Truth Is Something Worse, I Ain&apos;t Said What Yet&quot;: African American Howls and Cries as Radical Punctuation/Puncture in Eudora Welty&apos;s Fiction / Rebecca Mark -- Faltering Narrative: Eudora Welty&apos;s &quot;The Burning,&quot; Slavery&apos;s Ghosts, and the Politics of Grief / Susan V. Donaldson -- Insiders, Outsiders, and Class Anxiety: Eudora Welty and Bob Dylan on the Medgar Evers Murder / Adrienne Akins Warfield -- Demonstration of Life: Signifying for Social Justice in Eudora Welty&apos;s &quot;The Demonstrators&quot; / Ebony O. Lumumba -- Welty&apos;s Moonlighting Detective: Whiteness and Welty&apos;s Subversion of the American Noir Tradition in &quot;The Demonstrators&quot; / Jacob Agner -- Ideology, Ethnicity, and Performativity in Eudora Welty&apos;s Losing Battles / Stephen M. Fuller.</subfield>
  </datafield>
  <datafield tag="520" ind1=" " ind2=" ">
    <subfield code="a">&quot;Contributions by Jacob Agner, Susan V. Donaldson, Sarah Gilbreath Ford, Stephen M. Fuller, Jean C. Griffith, Ebony Lumumba, Rebecca Mark, Donnie McMahand, Kevin Murphy, Harriet Pollack, Christin Marie Taylor, Annette Trefzer, and Adrienne Akins Warfield The year 2013 saw the publication of Eudora Welty, Whiteness, and Race, a collection in which twelve critics changed the conversation on Welty&apos;s fiction and photography by mining and deciphering the complexity of her responses to the Jim Crow South. The thirteen diverse voices in New Essays on Eudora Welty, Class, and Race deepen, reflect on, and respond to those seminal discussions. These essays freshly consider such topics as Welty&apos;s uses of African American signifying in her short stories and her attention to public street performances interacting with Jim Crow rules in her unpublished photographs. Contributors discuss her adaptations of gothic plots, haunted houses, Civil War stories, and film noir. And they frame Welty&apos;s work with such subjects as Bob Dylan&apos;s songwriting, the idea and history of the orphan in America, and standup comedy. They compare her handling of whiteness and race to other works by such contemporary writers as William Faulkner, Richard Wright, Toni Morrison, Chester Himes, and Alice Walker. Discussions of race and class here also bring her masterwork The Golden Apples and her novel Losing Battles, underrepresented in earlier conversations, into new focus. Moreover, as a group these essays provide insight into Welty as an innovative craftswoman and modernist technician, busily altering literary form with her frequent, pointed makeovers of familiar story patterns, plots, and genres&quot;--</subfield>
    <subfield code="c">Provided by publisher.</subfield>
  </datafield>
  <datafield tag="600" ind1="1" ind2="0">
    <subfield code="a">Welty, Eudora,</subfield>
    <subfield code="d">1909-2001</subfield>
    <subfield code="x">Criticism and interpretation.</subfield>
  </datafield>
  <datafield tag="650" ind1=" " ind2="0">
    <subfield code="a">Race relations in literature.</subfield>
  </datafield>
  <datafield tag="700" ind1="1" ind2=" ">
    <subfield code="a">Pollack, Harriet,</subfield>
    <subfield code="e">editor.</subfield>
  </datafield>
  <datafield tag="776" ind1="0" ind2="8">
    <subfield code="i">Online version:</subfield>
    <subfield code="t">New essays on Eudora Welty, class, and race</subfield>
    <subfield code="d">Jackson : University Press of Mississippi, 2019.</subfield>
    <subfield code="z">9781496826169</subfield>
    <subfield code="w">(DLC) 2019030131</subfield>
  </datafield>
  <datafield tag="830" ind1=" " ind2="0">
    <subfield code="a">Critical perspectives on Eudora Welty.</subfield>
  </datafield>
  <datafield tag="985" ind1=" " ind2=" ">
    <subfield code="a">MsSMCIP</subfield>
    <subfield code="d">2019-09-19</subfield>
  </datafield>
</record>