
<record>
  <leader>02071cam a2200277 i 4500</leader>
  <controlfield tag="001">21212947</controlfield>
  <controlfield tag="005">20200103152733.0</controlfield>
  <controlfield tag="008">190920s2019    nyu           000 1 eng  </controlfield>
  <datafield tag="906" ind1=" " ind2=" ">
    <subfield code="a">7</subfield>
    <subfield code="b">cbc</subfield>
    <subfield code="c">orignew</subfield>
    <subfield code="d">2</subfield>
    <subfield code="e">epcn</subfield>
    <subfield code="f">20</subfield>
    <subfield code="g">y-gencatlg</subfield>
  </datafield>
  <datafield tag="925" ind1="0" ind2=" ">
    <subfield code="a">acquire</subfield>
    <subfield code="b">1 shelf copy</subfield>
    <subfield code="x">Sel/rjc, 2019-12-12</subfield>
  </datafield>
  <datafield tag="955" ind1=" " ind2=" ">
    <subfield code="b">xd14 2019-09-20</subfield>
    <subfield code="a">xn11 2019-12-19 1 copy rec&apos;d., to USPRLL</subfield>
    <subfield code="i">xk04 2020-01-03 to BCCD</subfield>
  </datafield>
  <datafield tag="010" ind1=" " ind2=" ">
    <subfield code="a">  2019914699</subfield>
  </datafield>
  <datafield tag="020" ind1=" " ind2=" ">
    <subfield code="a">9781943120376</subfield>
    <subfield code="q">(paperback)</subfield>
  </datafield>
  <datafield tag="020" ind1=" " ind2=" ">
    <subfield code="z">9781943120383</subfield>
    <subfield code="q">(ebook)</subfield>
  </datafield>
  <datafield tag="040" ind1=" " ind2=" ">
    <subfield code="a">DLC</subfield>
    <subfield code="b">eng</subfield>
    <subfield code="e">rda</subfield>
    <subfield code="c">DLC</subfield>
    <subfield code="d">DLC</subfield>
  </datafield>
  <datafield tag="042" ind1=" " ind2=" ">
    <subfield code="a">pcc</subfield>
  </datafield>
  <datafield tag="050" ind1="0" ind2="0">
    <subfield code="a">PS3623.I57727</subfield>
    <subfield code="b">A65 2019</subfield>
  </datafield>
  <datafield tag="082" ind1="0" ind2="0">
    <subfield code="a">813/.6</subfield>
    <subfield code="2">23</subfield>
  </datafield>
  <datafield tag="100" ind1="1" ind2=" ">
    <subfield code="a">Willingham, Will,</subfield>
    <subfield code="e">author.</subfield>
  </datafield>
  <datafield tag="245" ind1="1" ind2="0">
    <subfield code="a">Adjustments :</subfield>
    <subfield code="b">a novel /</subfield>
    <subfield code="c">Will Willingham.</subfield>
  </datafield>
  <datafield tag="264" ind1=" " ind2="1">
    <subfield code="a">Ossining, New York :</subfield>
    <subfield code="b">T. S. Poetry Press,</subfield>
    <subfield code="c">[2019]</subfield>
  </datafield>
  <datafield tag="300" ind1=" " ind2=" ">
    <subfield code="a">523 pages ;</subfield>
    <subfield code="c">21 cm</subfield>
  </datafield>
  <datafield tag="336" ind1=" " ind2=" ">
    <subfield code="a">text</subfield>
    <subfield code="b">txt</subfield>
    <subfield code="2">rdacontent</subfield>
  </datafield>
  <datafield tag="337" ind1=" " ind2=" ">
    <subfield code="a">unmediated</subfield>
    <subfield code="b">n</subfield>
    <subfield code="2">rdamedia</subfield>
  </datafield>
  <datafield tag="338" ind1=" " ind2=" ">
    <subfield code="a">volume</subfield>
    <subfield code="b">nc</subfield>
    <subfield code="2">rdacarrier</subfield>
  </datafield>
  <datafield tag="520" ind1=" " ind2=" ">
    <subfield code="a">&quot;By turns thoughtful and hilarious, this deeply Midwestern book explores the way friendships change us and how we change them. It begins with an old man&apos;s call to the insurance company to get a minor house repair covered. Once the adjuster shows up, a journey both tender and tough is set in motion. These men need each other in ways it will take time to discover, but also in ways it takes almost no time at all to discover. To complicate matters, the adjuster also needs (and is needed by) his aged landlady Pearl Jenkins. Theirs is a friendship both fraught and kind. When the latest &quot;outsider&quot; from Minneapolis shows up to this small Dakotan town, with her non-approved hybrid car parked right across from Pearl&apos;s house, the cast of characters is almost complete. Just add the generous appearance of colorful minor characters the adjuster works with and serves in his work (none of whom are truly minor) and you&apos;re holding a delightfully satisfying book that, while it has you laughing, manages to quietly delve into the ways we bring people in and shut them out-on the job, in the town, or at the threshold of our hearts&quot;--</subfield>
    <subfield code="c">Provided by publisher.</subfield>
  </datafield>
</record>