
<record>
  <leader>01744cam a22003738i 4500</leader>
  <controlfield tag="001">21212973</controlfield>
  <controlfield tag="005">20200103133726.0</controlfield>
  <controlfield tag="008">190920s2019    gw       b    000 0 eng  </controlfield>
  <datafield tag="906" ind1=" " ind2=" ">
    <subfield code="a">0</subfield>
    <subfield code="b">vip</subfield>
    <subfield code="c">orignew</subfield>
    <subfield code="d">1</subfield>
    <subfield code="e">ecip</subfield>
    <subfield code="f">20</subfield>
    <subfield code="g">y-gencatlg</subfield>
  </datafield>
  <datafield tag="925" ind1="0" ind2=" ">
    <subfield code="a">acquire</subfield>
    <subfield code="b">2 shelf copy</subfield>
    <subfield code="x">policy default</subfield>
  </datafield>
  <datafield tag="955" ind1=" " ind2=" ">
    <subfield code="b">DNLM 2019-09-20</subfield>
    <subfield code="d">xm08 2019-09-23</subfield>
    <subfield code="w">xm08 2019-09-23 (telework)</subfield>
    <subfield code="a">xn11 2020-01-03 1 copy rec&apos;d., to CIP ver.</subfield>
  </datafield>
  <datafield tag="010" ind1=" " ind2=" ">
    <subfield code="a">  2019042451</subfield>
  </datafield>
  <datafield tag="020" ind1=" " ind2=" ">
    <subfield code="a">9783631802069</subfield>
    <subfield code="q">(paperback)</subfield>
  </datafield>
  <datafield tag="020" ind1=" " ind2=" ">
    <subfield code="z">9783631802281</subfield>
    <subfield code="q">(ebook)</subfield>
  </datafield>
  <datafield tag="020" ind1=" " ind2=" ">
    <subfield code="z">9783631802298</subfield>
    <subfield code="q">(epub)</subfield>
  </datafield>
  <datafield tag="020" ind1=" " ind2=" ">
    <subfield code="z">9783631802304</subfield>
    <subfield code="q">(mobi)</subfield>
  </datafield>
  <datafield tag="040" ind1=" " ind2=" ">
    <subfield code="a">DNLM/DLC</subfield>
    <subfield code="b">eng</subfield>
    <subfield code="c">DLC</subfield>
    <subfield code="e">rda</subfield>
  </datafield>
  <datafield tag="042" ind1=" " ind2=" ">
    <subfield code="a">pcc</subfield>
  </datafield>
  <datafield tag="050" ind1="0" ind2="0">
    <subfield code="a">RA418</subfield>
  </datafield>
  <datafield tag="060" ind1="1" ind2="0">
    <subfield code="a">W 84.1</subfield>
  </datafield>
  <datafield tag="082" ind1="0" ind2="0">
    <subfield code="a">362.1</subfield>
    <subfield code="2">23</subfield>
  </datafield>
  <datafield tag="245" ind1="0" ind2="0">
    <subfield code="a">New approaches in health sciences :</subfield>
    <subfield code="b">new methods and developments in health sciences /</subfield>
    <subfield code="c">[edited by] Gökhan Aba.</subfield>
  </datafield>
  <datafield tag="263" ind1=" " ind2=" ">
    <subfield code="a">1111</subfield>
  </datafield>
  <datafield tag="264" ind1=" " ind2="1">
    <subfield code="a">Berlin ;</subfield>
    <subfield code="a">New York :</subfield>
    <subfield code="b">Peter Lang,</subfield>
    <subfield code="c">2019.</subfield>
  </datafield>
  <datafield tag="300" ind1=" " ind2=" ">
    <subfield code="a">pages cm</subfield>
  </datafield>
  <datafield tag="336" ind1=" " ind2=" ">
    <subfield code="a">text</subfield>
    <subfield code="b">txt</subfield>
    <subfield code="2">rdacontent</subfield>
  </datafield>
  <datafield tag="337" ind1=" " ind2=" ">
    <subfield code="a">unmediated</subfield>
    <subfield code="b">n</subfield>
    <subfield code="2">rdamedia</subfield>
  </datafield>
  <datafield tag="338" ind1=" " ind2=" ">
    <subfield code="a">volume</subfield>
    <subfield code="b">nc</subfield>
    <subfield code="2">rdacarrier</subfield>
  </datafield>
  <datafield tag="504" ind1=" " ind2=" ">
    <subfield code="a">Includes bibliographical references.</subfield>
  </datafield>
  <datafield tag="520" ind1=" " ind2=" ">
    <subfield code="a">&quot;New methods, new approaches and advanced technologies have started to be used for patients to gain access to less costly and more quality diagnosis and treatment services in a shorter time. This book, which includes new approaches in health sciences, has been written by successful and expert researchers who work in different health disciplines of health sciences&quot;--</subfield>
    <subfield code="c">Provided by publisher.</subfield>
  </datafield>
  <datafield tag="650" ind1="1" ind2="2">
    <subfield code="a">Health Services</subfield>
    <subfield code="x">trends</subfield>
  </datafield>
  <datafield tag="700" ind1="1" ind2=" ">
    <subfield code="a">Aba, Gökhan,</subfield>
    <subfield code="d">1981-</subfield>
    <subfield code="e">editor.</subfield>
  </datafield>
  <datafield tag="776" ind1="0" ind2="8">
    <subfield code="i">Online version:</subfield>
    <subfield code="t">New approaches in health sciences</subfield>
    <subfield code="d">New York : Peter Lang, 2019.</subfield>
    <subfield code="z">9783631802281</subfield>
    <subfield code="w">(DLC) 2019042452</subfield>
  </datafield>
  <datafield tag="985" ind1=" " ind2=" ">
    <subfield code="a">DNLMCIP</subfield>
    <subfield code="d">2019-09-20</subfield>
  </datafield>
</record>