
<record>
  <leader>02405cam a22003858i 4500</leader>
  <controlfield tag="001">21213500</controlfield>
  <controlfield tag="005">20200103133656.0</controlfield>
  <controlfield tag="008">190920s2019    gw       b    000 0 eng  </controlfield>
  <datafield tag="906" ind1=" " ind2=" ">
    <subfield code="a">0</subfield>
    <subfield code="b">vip</subfield>
    <subfield code="c">orignew</subfield>
    <subfield code="d">1</subfield>
    <subfield code="e">ecip</subfield>
    <subfield code="f">20</subfield>
    <subfield code="g">y-gencatlg</subfield>
  </datafield>
  <datafield tag="925" ind1="0" ind2=" ">
    <subfield code="a">acquire</subfield>
    <subfield code="b">1 shelf copy</subfield>
    <subfield code="x">policy default</subfield>
  </datafield>
  <datafield tag="955" ind1=" " ind2=" ">
    <subfield code="b">rm14 2019-09-20</subfield>
    <subfield code="i">rm14 2019-09-20</subfield>
    <subfield code="w">xm06 2019-09-24</subfield>
    <subfield code="a">xn11 2020-01-03 1 copy rec&apos;d., to CIP ver.</subfield>
  </datafield>
  <datafield tag="010" ind1=" " ind2=" ">
    <subfield code="a">  2019042968</subfield>
  </datafield>
  <datafield tag="020" ind1=" " ind2=" ">
    <subfield code="a">9783631801321</subfield>
    <subfield code="q">(paperback)</subfield>
  </datafield>
  <datafield tag="020" ind1=" " ind2=" ">
    <subfield code="z">9783631804100</subfield>
    <subfield code="q">(ebook)</subfield>
  </datafield>
  <datafield tag="020" ind1=" " ind2=" ">
    <subfield code="z">9783631804117</subfield>
    <subfield code="q">(epub)</subfield>
  </datafield>
  <datafield tag="020" ind1=" " ind2=" ">
    <subfield code="z">9783631804124</subfield>
    <subfield code="q">(mobi)</subfield>
  </datafield>
  <datafield tag="040" ind1=" " ind2=" ">
    <subfield code="a">DLC</subfield>
    <subfield code="b">eng</subfield>
    <subfield code="c">DLC</subfield>
    <subfield code="e">rda</subfield>
  </datafield>
  <datafield tag="042" ind1=" " ind2=" ">
    <subfield code="a">pcc</subfield>
  </datafield>
  <datafield tag="043" ind1=" " ind2=" ">
    <subfield code="a">a-tu---</subfield>
  </datafield>
  <datafield tag="050" ind1="0" ind2="0">
    <subfield code="a">HC492</subfield>
    <subfield code="b">.C98 2019</subfield>
  </datafield>
  <datafield tag="082" ind1="0" ind2="0">
    <subfield code="a">330.9561</subfield>
    <subfield code="2">23</subfield>
  </datafield>
  <datafield tag="245" ind1="0" ind2="0">
    <subfield code="a">Current issues in finance, economy and politics :</subfield>
    <subfield code="b">theoretical and empirical finance and economic researches /</subfield>
    <subfield code="c">Çağatay Başarir, ed.</subfield>
  </datafield>
  <datafield tag="263" ind1=" " ind2=" ">
    <subfield code="a">1111</subfield>
  </datafield>
  <datafield tag="264" ind1=" " ind2="1">
    <subfield code="a">Berlin ;</subfield>
    <subfield code="a">New York :</subfield>
    <subfield code="b">Peter Lang,</subfield>
    <subfield code="c">[2019]</subfield>
  </datafield>
  <datafield tag="300" ind1=" " ind2=" ">
    <subfield code="a">pages cm</subfield>
  </datafield>
  <datafield tag="336" ind1=" " ind2=" ">
    <subfield code="a">text</subfield>
    <subfield code="b">txt</subfield>
    <subfield code="2">rdacontent</subfield>
  </datafield>
  <datafield tag="337" ind1=" " ind2=" ">
    <subfield code="a">unmediated</subfield>
    <subfield code="b">n</subfield>
    <subfield code="2">rdamedia</subfield>
  </datafield>
  <datafield tag="338" ind1=" " ind2=" ">
    <subfield code="a">volume</subfield>
    <subfield code="b">nc</subfield>
    <subfield code="2">rdacarrier</subfield>
  </datafield>
  <datafield tag="504" ind1=" " ind2=" ">
    <subfield code="a">Includes bibliographical references.</subfield>
  </datafield>
  <datafield tag="520" ind1=" " ind2=" ">
    <subfield code="a">&quot;The book consists of 21 parts that discuss the developments in economy, finance and politics, theoretically and empirically. There are four main sections: Economics, Banking Sector, Stock Exchange and Financial Markets. Economics sections have six sub sections as monetary policy, economic growth, current deficit, international services trade, Eurasion economic union and public share. The second part of the book consists of six sub sections about the banking sector that is fundamental to the economic structure and the main actor of the financial sector. This main sector discusses the efficiency and performance of the banking sector and also shadow banking. In addition, the banking sector is analysed in the Islamic banking area. Furthermore, the interaction of the banking sector and technological developments are emphasized in a separate section in this part&quot;--</subfield>
    <subfield code="c">Provided by publisher.</subfield>
  </datafield>
  <datafield tag="651" ind1=" " ind2="0">
    <subfield code="a">Turkey</subfield>
    <subfield code="x">Economic conditions</subfield>
    <subfield code="y">21st century.</subfield>
  </datafield>
  <datafield tag="650" ind1=" " ind2="0">
    <subfield code="a">Finance</subfield>
    <subfield code="z">Turkey</subfield>
    <subfield code="x">History</subfield>
    <subfield code="y">21st century.</subfield>
  </datafield>
  <datafield tag="650" ind1=" " ind2="0">
    <subfield code="a">Banks and banking</subfield>
    <subfield code="z">Turkey</subfield>
    <subfield code="x">History</subfield>
    <subfield code="y">21st century.</subfield>
  </datafield>
  <datafield tag="700" ind1="1" ind2=" ">
    <subfield code="a">Basarir, Cagatay,</subfield>
    <subfield code="d">1980-</subfield>
    <subfield code="e">editor.</subfield>
  </datafield>
  <datafield tag="776" ind1="0" ind2="8">
    <subfield code="i">Online version:</subfield>
    <subfield code="t">Current issues in finance, economy and politics</subfield>
    <subfield code="d">Berlin ; New York : Peter Lang, [2019]</subfield>
    <subfield code="z">9783631804100</subfield>
    <subfield code="w">(DLC) 2019042969</subfield>
  </datafield>
</record>