
<record>
  <leader>03075cam a22004338i 4500</leader>
  <controlfield tag="001">21216930</controlfield>
  <controlfield tag="005">20200103130630.0</controlfield>
  <controlfield tag="008">190925s2019    gw       b    000 0 eng  </controlfield>
  <datafield tag="906" ind1=" " ind2=" ">
    <subfield code="a">0</subfield>
    <subfield code="b">vip</subfield>
    <subfield code="c">orignew</subfield>
    <subfield code="d">1</subfield>
    <subfield code="e">ecip</subfield>
    <subfield code="f">20</subfield>
    <subfield code="g">y-gencatlg</subfield>
  </datafield>
  <datafield tag="925" ind1="0" ind2=" ">
    <subfield code="a">acquire</subfield>
    <subfield code="b">1 shelf copy</subfield>
    <subfield code="x">policy default</subfield>
  </datafield>
  <datafield tag="955" ind1=" " ind2=" ">
    <subfield code="b">xk36 2019-09-25</subfield>
    <subfield code="i">xk36 2019-09-25 for rev ;</subfield>
    <subfield code="r">xk13 2019-09-30 (telework);</subfield>
    <subfield code="a">xk26 2019-10-15 to Dewey</subfield>
    <subfield code="w">xm07 2019-10-15</subfield>
    <subfield code="a">xn11 2020-01-03 1 copy rec&apos;d., to CIP ver.</subfield>
  </datafield>
  <datafield tag="010" ind1=" " ind2=" ">
    <subfield code="a">  2019041872</subfield>
  </datafield>
  <datafield tag="020" ind1=" " ind2=" ">
    <subfield code="a">9783631796344</subfield>
    <subfield code="q">(hardcover)</subfield>
  </datafield>
  <datafield tag="020" ind1=" " ind2=" ">
    <subfield code="z">9783631799994</subfield>
    <subfield code="q">(ebook)</subfield>
  </datafield>
  <datafield tag="020" ind1=" " ind2=" ">
    <subfield code="z">9783631800003</subfield>
    <subfield code="q">(epub)</subfield>
  </datafield>
  <datafield tag="020" ind1=" " ind2=" ">
    <subfield code="z">9783631800010</subfield>
    <subfield code="q">(mobi)</subfield>
  </datafield>
  <datafield tag="040" ind1=" " ind2=" ">
    <subfield code="a">DLC</subfield>
    <subfield code="b">eng</subfield>
    <subfield code="c">DLC</subfield>
    <subfield code="e">rda</subfield>
  </datafield>
  <datafield tag="042" ind1=" " ind2=" ">
    <subfield code="a">pcc</subfield>
  </datafield>
  <datafield tag="043" ind1=" " ind2=" ">
    <subfield code="a">e-xo---</subfield>
  </datafield>
  <datafield tag="050" ind1="0" ind2="0">
    <subfield code="a">P95.82.S56</subfield>
    <subfield code="b">D63 2019</subfield>
  </datafield>
  <datafield tag="082" ind1="0" ind2="0">
    <subfield code="a">302.23094373</subfield>
    <subfield code="2">23</subfield>
  </datafield>
  <datafield tag="100" ind1="1" ind2=" ">
    <subfield code="a">Dobrotková, Miroslava,</subfield>
    <subfield code="d">1979-</subfield>
    <subfield code="e">author.</subfield>
  </datafield>
  <datafield tag="245" ind1="1" ind2="0">
    <subfield code="a">Slovak mass media in the 21st century :</subfield>
    <subfield code="b">current challenges /</subfield>
    <subfield code="c">Miroslava Dobrotková, Artur Bekmatov, Andrea Chlebcová Hečková, Ján Kuciak.</subfield>
  </datafield>
  <datafield tag="263" ind1=" " ind2=" ">
    <subfield code="a">1111</subfield>
  </datafield>
  <datafield tag="264" ind1=" " ind2="1">
    <subfield code="a">Berlin ;</subfield>
    <subfield code="a">New York :</subfield>
    <subfield code="b">Peter Lang,</subfield>
    <subfield code="c">[2019]</subfield>
  </datafield>
  <datafield tag="300" ind1=" " ind2=" ">
    <subfield code="a">pages cm</subfield>
  </datafield>
  <datafield tag="336" ind1=" " ind2=" ">
    <subfield code="a">text</subfield>
    <subfield code="b">txt</subfield>
    <subfield code="2">rdacontent</subfield>
  </datafield>
  <datafield tag="337" ind1=" " ind2=" ">
    <subfield code="a">unmediated</subfield>
    <subfield code="b">n</subfield>
    <subfield code="2">rdamedia</subfield>
  </datafield>
  <datafield tag="338" ind1=" " ind2=" ">
    <subfield code="a">volume</subfield>
    <subfield code="b">nc</subfield>
    <subfield code="2">rdacarrier</subfield>
  </datafield>
  <datafield tag="490" ind1="0" ind2=" ">
    <subfield code="a">Studies in communication and politics,</subfield>
    <subfield code="x">2197-1625 ;</subfield>
    <subfield code="v">vol. 10</subfield>
  </datafield>
  <datafield tag="504" ind1=" " ind2=" ">
    <subfield code="a">Includes bibliographical references.</subfield>
  </datafield>
  <datafield tag="505" ind1="2" ind2=" ">
    <subfield code="a">Crisis of mass media and its influence on power control in Slovakia -- Current issues of presenting stereotypes in mass media (influence of media on presenting of stereotypes and prejudice within political communication and its correlation with perception through the web) -- Current issues of public media -- The phenomenon of alternative media in Slovakia -- Conclusion.</subfield>
  </datafield>
  <datafield tag="520" ind1=" " ind2=" ">
    <subfield code="a">&quot;The book deals with the most challenging issues which the Slovak Mass Media are currently facing, including matters of public criticism. The first chapter describes the media influence on power control in Slovakia. It does not avoid the controversial question of corruption in the Slovak media field. The following chapter examines the stereotypes about the social minorities that are still widely spread by the media (especially the Internet and the social media). In this context, the chapter related to the public media explains why the existence of the media of public service is so important and why it is necessary to finance such media by public sources and not by the state. In the final chapter, the author aims to identify the reasons why alternative sources of information usually fail to inform truthfully, impartially and objectively&quot;--</subfield>
    <subfield code="c">Provided by publisher.</subfield>
  </datafield>
  <datafield tag="650" ind1=" " ind2="0">
    <subfield code="a">Mass media</subfield>
    <subfield code="x">Political aspects</subfield>
    <subfield code="z">Slovakia.</subfield>
  </datafield>
  <datafield tag="650" ind1=" " ind2="0">
    <subfield code="a">Mass media</subfield>
    <subfield code="x">Public opinion</subfield>
    <subfield code="z">Slovakia.</subfield>
  </datafield>
  <datafield tag="700" ind1="1" ind2=" ">
    <subfield code="a">Bekmatov, Artur,</subfield>
    <subfield code="d">1990-</subfield>
    <subfield code="e">author.</subfield>
  </datafield>
  <datafield tag="700" ind1="1" ind2=" ">
    <subfield code="a">Chlebcová Hečková, Andrea,</subfield>
    <subfield code="d">1974-</subfield>
    <subfield code="e">author.</subfield>
  </datafield>
  <datafield tag="700" ind1="1" ind2=" ">
    <subfield code="a">Kuciak, Ján,</subfield>
    <subfield code="d">1990-2018</subfield>
    <subfield code="e">author.</subfield>
  </datafield>
  <datafield tag="776" ind1="0" ind2="8">
    <subfield code="i">Online version:</subfield>
    <subfield code="a">Dobrotková, Miroslava, 1979-</subfield>
    <subfield code="t">Slovak mass media in the 21st century: current challenges</subfield>
    <subfield code="d">Berlin ; New York : Peter Lang, 2019.</subfield>
    <subfield code="z">9783631799994</subfield>
    <subfield code="w">(DLC) 2019041873</subfield>
  </datafield>
</record>