
<record>
  <leader>02630cam a2200325 i 4500</leader>
  <controlfield tag="001">21217364</controlfield>
  <controlfield tag="005">20200103131927.0</controlfield>
  <controlfield tag="008">190925s2019    nyua     b    001 0 eng  </controlfield>
  <datafield tag="906" ind1=" " ind2=" ">
    <subfield code="a">7</subfield>
    <subfield code="b">cbc</subfield>
    <subfield code="c">orignew</subfield>
    <subfield code="d">1</subfield>
    <subfield code="e">ecip</subfield>
    <subfield code="f">20</subfield>
    <subfield code="g">y-gencatlg</subfield>
  </datafield>
  <datafield tag="925" ind1="0" ind2=" ">
    <subfield code="a">acquire</subfield>
    <subfield code="b">1 shelf copy</subfield>
    <subfield code="x">policy default</subfield>
  </datafield>
  <datafield tag="955" ind1=" " ind2=" ">
    <subfield code="b">rl12 2019-09-25</subfield>
    <subfield code="i">rl12 2019-09-25 to Dewey</subfield>
    <subfield code="w">xm08 2019-09-27 (telework)</subfield>
    <subfield code="a">xn11 2019-11-22 1 copy rec&apos;d., to CIP ver.</subfield>
    <subfield code="a">rl00 2019-11-26 to SMA</subfield>
    <subfield code="a">rl02 2019-11-26</subfield>
    <subfield code="f">rl02 2020-01-03 to BCCD</subfield>
  </datafield>
  <datafield tag="010" ind1=" " ind2=" ">
    <subfield code="a">  2019043015</subfield>
  </datafield>
  <datafield tag="020" ind1=" " ind2=" ">
    <subfield code="a">9781536164404</subfield>
    <subfield code="q">(paperback)</subfield>
  </datafield>
  <datafield tag="020" ind1=" " ind2=" ">
    <subfield code="z">9781536164411</subfield>
    <subfield code="q">(adobe pdf)</subfield>
  </datafield>
  <datafield tag="040" ind1=" " ind2=" ">
    <subfield code="a">DLC</subfield>
    <subfield code="b">eng</subfield>
    <subfield code="c">DLC</subfield>
    <subfield code="e">rda</subfield>
    <subfield code="d">DLC</subfield>
  </datafield>
  <datafield tag="042" ind1=" " ind2=" ">
    <subfield code="a">pcc</subfield>
  </datafield>
  <datafield tag="050" ind1="0" ind2="0">
    <subfield code="a">QP551</subfield>
    <subfield code="b">.P75666 2019</subfield>
  </datafield>
  <datafield tag="082" ind1="0" ind2="0">
    <subfield code="a">572/.6</subfield>
    <subfield code="2">23</subfield>
  </datafield>
  <datafield tag="245" ind1="0" ind2="0">
    <subfield code="a">Proteomics :</subfield>
    <subfield code="b">advances in research and applications /</subfield>
    <subfield code="c">Ricardo Parker, editor.</subfield>
  </datafield>
  <datafield tag="264" ind1=" " ind2="1">
    <subfield code="a">Hauppauge :</subfield>
    <subfield code="b">Nova Science Publishers,</subfield>
    <subfield code="c">[2019]</subfield>
  </datafield>
  <datafield tag="300" ind1=" " ind2=" ">
    <subfield code="a">x, 123  pages :</subfield>
    <subfield code="b">illustrations ;</subfield>
    <subfield code="c">23 cm.</subfield>
  </datafield>
  <datafield tag="336" ind1=" " ind2=" ">
    <subfield code="a">text</subfield>
    <subfield code="b">txt</subfield>
    <subfield code="2">rdacontent</subfield>
  </datafield>
  <datafield tag="337" ind1=" " ind2=" ">
    <subfield code="a">unmediated</subfield>
    <subfield code="b">n</subfield>
    <subfield code="2">rdamedia</subfield>
  </datafield>
  <datafield tag="338" ind1=" " ind2=" ">
    <subfield code="a">volume</subfield>
    <subfield code="b">nc</subfield>
    <subfield code="2">rdacarrier</subfield>
  </datafield>
  <datafield tag="490" ind1="0" ind2=" ">
    <subfield code="a">Systems biology - theory, techniques and applications</subfield>
  </datafield>
  <datafield tag="504" ind1=" " ind2=" ">
    <subfield code="a">Includes bibliographical references and index.</subfield>
  </datafield>
  <datafield tag="520" ind1=" " ind2=" ">
    <subfield code="a">&quot;This compilation provides a brief overview of proteomic techniques used in acute leukemia, including the high-throughput reverse phase protein array, which will highlight the importance of measuring proteins. Following this, the authors discuss the molecular mechanism of oseltamivir and the advantages and disadvantages of using it. Proteomics- and transcriptomics-based alternatives to oseltamivir are described as well. Additionally, the most recent research studies aiming to identify biomarkers for the early prediction of spontaneous preterm labor using mass spectrometry-based proteomics are reviewed. In order to understand the mechanisms of efficient degradation of lignocellulosic biomass, a comprehensive analysis of carbohydrate-degrading and metabolic enzymes is required. As such, the authors summarize a proteome analysis of C. cellulovorans cultured with different carbon sources, and provide some insights as to how C. cellulovorans optimizes diverse enzymes depending on carbon sources. The concluding chapter focuses on comparative fluorescence gel electrophoresis, which was invented in 2009 and has since then become the prime method for reproducible coordinate assignment in two-dimensional protein polyacrylamide gel electrophoresis&quot;--</subfield>
    <subfield code="c">Provided by publisher.</subfield>
  </datafield>
  <datafield tag="650" ind1=" " ind2="0">
    <subfield code="a">Proteomics.</subfield>
  </datafield>
  <datafield tag="700" ind1="1" ind2=" ">
    <subfield code="a">Parker, Ricardo,</subfield>
    <subfield code="e">editor.</subfield>
  </datafield>
  <datafield tag="776" ind1="0" ind2="8">
    <subfield code="i">Online version:</subfield>
    <subfield code="t">Proteomics:</subfield>
    <subfield code="d">Hauppauge : Nova Science Publishers, 2019.</subfield>
    <subfield code="z">9781536164411</subfield>
    <subfield code="w">(DLC) 2019043016</subfield>
  </datafield>
</record>