
<record>
  <leader>03167cam a22004218i 4500</leader>
  <controlfield tag="001">21223187</controlfield>
  <controlfield tag="005">20200103130556.0</controlfield>
  <controlfield tag="008">191001s2019    nyu      b    000 0 eng  </controlfield>
  <datafield tag="906" ind1=" " ind2=" ">
    <subfield code="a">0</subfield>
    <subfield code="b">vip</subfield>
    <subfield code="c">orignew</subfield>
    <subfield code="d">1</subfield>
    <subfield code="e">ecip</subfield>
    <subfield code="f">20</subfield>
    <subfield code="g">y-gencatlg</subfield>
  </datafield>
  <datafield tag="925" ind1="0" ind2=" ">
    <subfield code="a">acquire</subfield>
    <subfield code="b">1 shelf copy</subfield>
    <subfield code="x">policy default</subfield>
  </datafield>
  <datafield tag="955" ind1=" " ind2=" ">
    <subfield code="b">cm03 2019-10-01;</subfield>
    <subfield code="i">cm03 2019-10-01 to Dewey</subfield>
    <subfield code="w">xm08 2019-10-01</subfield>
    <subfield code="a">xn11 2020-01-03 1 copy rec&apos;d., to CIP ver.</subfield>
  </datafield>
  <datafield tag="010" ind1=" " ind2=" ">
    <subfield code="a">  2019042936</subfield>
  </datafield>
  <datafield tag="020" ind1=" " ind2=" ">
    <subfield code="a">9783631726914</subfield>
    <subfield code="q">(hardcover)</subfield>
  </datafield>
  <datafield tag="020" ind1=" " ind2=" ">
    <subfield code="z">9783631797860</subfield>
    <subfield code="q">(ebook)</subfield>
  </datafield>
  <datafield tag="020" ind1=" " ind2=" ">
    <subfield code="z">9783631797877</subfield>
    <subfield code="q">(epub)</subfield>
  </datafield>
  <datafield tag="020" ind1=" " ind2=" ">
    <subfield code="z">9783631797884</subfield>
    <subfield code="q">(mobi)</subfield>
  </datafield>
  <datafield tag="040" ind1=" " ind2=" ">
    <subfield code="a">DLC</subfield>
    <subfield code="b">eng</subfield>
    <subfield code="c">DLC</subfield>
    <subfield code="e">rda</subfield>
  </datafield>
  <datafield tag="042" ind1=" " ind2=" ">
    <subfield code="a">pcc</subfield>
  </datafield>
  <datafield tag="050" ind1="0" ind2="0">
    <subfield code="a">BF463.S64</subfield>
    <subfield code="b">S65 2019</subfield>
  </datafield>
  <datafield tag="082" ind1="0" ind2="0">
    <subfield code="a">401/.9</subfield>
    <subfield code="2">23</subfield>
  </datafield>
  <datafield tag="245" ind1="0" ind2="0">
    <subfield code="a">Speech production and perception :</subfield>
    <subfield code="b">learning and memory /</subfield>
    <subfield code="c">Susanne Fuchs, Joanne Cleland, Amélie Rochet-Capellan (eds.).</subfield>
  </datafield>
  <datafield tag="263" ind1=" " ind2=" ">
    <subfield code="a">1111</subfield>
  </datafield>
  <datafield tag="264" ind1=" " ind2="1">
    <subfield code="a">New York :</subfield>
    <subfield code="b">Peter Lang,</subfield>
    <subfield code="c">2019.</subfield>
  </datafield>
  <datafield tag="300" ind1=" " ind2=" ">
    <subfield code="a">pages cm</subfield>
  </datafield>
  <datafield tag="336" ind1=" " ind2=" ">
    <subfield code="a">text</subfield>
    <subfield code="b">txt</subfield>
    <subfield code="2">rdacontent</subfield>
  </datafield>
  <datafield tag="337" ind1=" " ind2=" ">
    <subfield code="a">unmediated</subfield>
    <subfield code="b">n</subfield>
    <subfield code="2">rdamedia</subfield>
  </datafield>
  <datafield tag="338" ind1=" " ind2=" ">
    <subfield code="a">volume</subfield>
    <subfield code="b">nc</subfield>
    <subfield code="2">rdacarrier</subfield>
  </datafield>
  <datafield tag="490" ind1="0" ind2=" ">
    <subfield code="a">Speech production and perception,</subfield>
    <subfield code="x">2191-8651 ;</subfield>
    <subfield code="v">6</subfield>
  </datafield>
  <datafield tag="504" ind1=" " ind2=" ">
    <subfield code="a">Includes bibliographical references.</subfield>
  </datafield>
  <datafield tag="505" ind1="0" ind2=" ">
    <subfield code="a">Preface / Susanne Fuchs, Joanne Cleland, Amélie Rochet-Capellan --  Changes in speech production in response to formant  perturbations: An overview of two decades of research / Tiphaine Caudrelier, Amélie Rochet-Capellan -- Spatial and temporal variability of corrective speech movements  as revealed by vowel formants during sensorimotor learning / Eugen Klein, Jana Brunner, Phil Hoole --  Aetiology of speech sound errors in autism / Louise McKeever, Joanne Cleland, Jonathan Delafield-Butt --  Acquisition of new speech motor plans via articulatory visual  biofeedback/ Joanne Cleland and James M. Scobbie --  Do manual gestures help the learning of new words? A review of  experimental studies / Marion Dohen --  Interference in memory consolidation of non-native speech  sounds / Pamela Fuhrmeister -- Looking for exemplar effects: testing the comprehension and  memory representations of r&apos;duced words in Dutch learners of  French / Lisa Morano, Louis ten Bosch, Mirjam Ernestus.</subfield>
  </datafield>
  <datafield tag="520" ind1=" " ind2=" ">
    <subfield code="a">&quot;Learning and memory processes are basic features of human existence. They allow us to (un)consciously adapt to changes in our social and physical environment in a variety of ways and may have been a precursor for survival in human evolution. Through several reviews and original work the book focuses on three key topics that enhanced our understanding of the topic in the last twenty years: first, the role of real-time auditory feedback in learning, second, the role of motor aspects for learning and memory, and third, representations in memory and the role of sleep on memory consolidation&quot;--</subfield>
    <subfield code="c">Provided by publisher.</subfield>
  </datafield>
  <datafield tag="650" ind1=" " ind2="0">
    <subfield code="a">Speech perception.</subfield>
  </datafield>
  <datafield tag="650" ind1=" " ind2="0">
    <subfield code="a">Word recognition.</subfield>
  </datafield>
  <datafield tag="650" ind1=" " ind2="0">
    <subfield code="a">Psycholinguistics.</subfield>
  </datafield>
  <datafield tag="700" ind1="1" ind2=" ">
    <subfield code="a">Fuchs, Susanne,</subfield>
    <subfield code="d">1969-</subfield>
    <subfield code="e">editor.</subfield>
  </datafield>
  <datafield tag="700" ind1="1" ind2=" ">
    <subfield code="a">Cleland, Joanne,</subfield>
    <subfield code="d">1980-</subfield>
    <subfield code="e">editor.</subfield>
  </datafield>
  <datafield tag="700" ind1="1" ind2=" ">
    <subfield code="a">Rochet-Capellan, Amélie,</subfield>
    <subfield code="d">1978-</subfield>
    <subfield code="e">editor.</subfield>
  </datafield>
  <datafield tag="776" ind1="0" ind2="8">
    <subfield code="i">Online version:</subfield>
    <subfield code="t">Speech production and perception</subfield>
    <subfield code="d">New York : Peter Lang, 2019.</subfield>
    <subfield code="z">9783631797860</subfield>
    <subfield code="w">(DLC) 2019042937</subfield>
  </datafield>
</record>