
<record>
  <leader>01744cam a22003015i 4500</leader>
  <controlfield tag="001">21231926</controlfield>
  <controlfield tag="005">20200103175516.0</controlfield>
  <controlfield tag="008">191009s2017    mx           s000 0 spa  </controlfield>
  <datafield tag="906" ind1=" " ind2=" ">
    <subfield code="a">0</subfield>
    <subfield code="b">ibc</subfield>
    <subfield code="c">origres</subfield>
    <subfield code="d">2</subfield>
    <subfield code="e">ncip</subfield>
    <subfield code="f">20</subfield>
    <subfield code="g">y-gencatlg</subfield>
  </datafield>
  <datafield tag="925" ind1="0" ind2=" ">
    <subfield code="a">acquire</subfield>
    <subfield code="b">1 shelf copy</subfield>
    <subfield code="x">policy default</subfield>
  </datafield>
  <datafield tag="955" ind1=" " ind2=" ">
    <subfield code="b">bf27 2019-10-09 z-processor to ALAWE/MCAC</subfield>
    <subfield code="i">bf09 2019-12-12 (telework)</subfield>
  </datafield>
  <datafield tag="010" ind1=" " ind2=" ">
    <subfield code="a">  2019415911</subfield>
  </datafield>
  <datafield tag="040" ind1=" " ind2=" ">
    <subfield code="a">DLC</subfield>
    <subfield code="b">eng</subfield>
    <subfield code="e">rda</subfield>
    <subfield code="c">DLC</subfield>
  </datafield>
  <datafield tag="042" ind1=" " ind2=" ">
    <subfield code="a">pcc</subfield>
  </datafield>
  <datafield tag="043" ind1=" " ind2=" ">
    <subfield code="a">n-mx---</subfield>
  </datafield>
  <datafield tag="050" ind1="0" ind2="0">
    <subfield code="a">PQ7291.S52</subfield>
  </datafield>
  <datafield tag="245" ind1="0" ind2="3">
    <subfield code="a">La espina es la flor de la nada :</subfield>
    <subfield code="b">homenaje a Gonzalo Rojas /</subfield>
    <subfield code="c">Varios autores.</subfield>
  </datafield>
  <datafield tag="250" ind1=" " ind2=" ">
    <subfield code="a">Primera edición.</subfield>
  </datafield>
  <datafield tag="264" ind1=" " ind2="1">
    <subfield code="a">[Culiacán Rosales, Sin.] :</subfield>
    <subfield code="b">Instituto Sinaloense de Cultura,</subfield>
    <subfield code="c">2017.</subfield>
  </datafield>
  <datafield tag="300" ind1=" " ind2=" ">
    <subfield code="a">56 pages ;</subfield>
    <subfield code="c">21 cm</subfield>
  </datafield>
  <datafield tag="336" ind1=" " ind2=" ">
    <subfield code="a">text</subfield>
    <subfield code="b">txt</subfield>
    <subfield code="2">rdacontent</subfield>
  </datafield>
  <datafield tag="337" ind1=" " ind2=" ">
    <subfield code="a">unmediated</subfield>
    <subfield code="b">n</subfield>
    <subfield code="2">rdamedia</subfield>
  </datafield>
  <datafield tag="338" ind1=" " ind2=" ">
    <subfield code="a">volume</subfield>
    <subfield code="b">nc</subfield>
    <subfield code="2">rdacarrier</subfield>
  </datafield>
  <datafield tag="490" ind1="0" ind2=" ">
    <subfield code="a">Serie Ex Libris</subfield>
  </datafield>
  <datafield tag="505" ind1="0" ind2=" ">
    <subfield code="a">El animal esdurjulario / Jorge Luis Mendívil Ayala -- Sobre los encuentros con las piedras / Y. Tamez -- Carta de lo ignominioso / Iliana Cervantes Llamas -- La distancia en el poema / Viridiana Carrillo -- El mundo desencaja en cada paso, se hunde... / Adrián Castro Murillo -- Tres versiones de Oriana / Edmundo Martell -- Por alguna razón, hablo en la oscuridad (traducción homeopática) / Oscar Paúl Castro -- El golem de Lebu / Muamar Kadafy -- La imagen de Gonzalo Rojas mira hacia el mar de la ballena / Eduardo Ruiz Sosa -- Carta de un suicida para una loba / Miguel Bojórquez -- Una forma de santificación / Georgina del Bosque -- Diálogo con Gonzalo / Tomás Lee.</subfield>
  </datafield>
  <datafield tag="650" ind1=" " ind2="0">
    <subfield code="a">Mexican literature</subfield>
    <subfield code="z">Mexico</subfield>
    <subfield code="z">Sinaloa (State)</subfield>
  </datafield>
  <datafield tag="650" ind1=" " ind2="0">
    <subfield code="a">Mexican literature</subfield>
    <subfield code="y">21st century.</subfield>
  </datafield>
  <datafield tag="600" ind1="1" ind2="0">
    <subfield code="a">Rojas, Gonzalo,</subfield>
    <subfield code="d">1916-2011</subfield>
    <subfield code="v">Literary collections.</subfield>
  </datafield>
</record>