
<record>
  <leader>04422cam a22003978i 4500</leader>
  <controlfield tag="001">21242390</controlfield>
  <controlfield tag="005">20200103131122.0</controlfield>
  <controlfield tag="008">191009s2019    gw       b    000 0 eng  </controlfield>
  <datafield tag="906" ind1=" " ind2=" ">
    <subfield code="a">0</subfield>
    <subfield code="b">vip</subfield>
    <subfield code="c">orignew</subfield>
    <subfield code="d">1</subfield>
    <subfield code="e">ecip</subfield>
    <subfield code="f">20</subfield>
    <subfield code="g">y-gencatlg</subfield>
  </datafield>
  <datafield tag="925" ind1="0" ind2=" ">
    <subfield code="a">acquire</subfield>
    <subfield code="b">1 shelf copy</subfield>
    <subfield code="x">policy default</subfield>
  </datafield>
  <datafield tag="955" ind1=" " ind2=" ">
    <subfield code="b">2019-10-09</subfield>
    <subfield code="i">re23 2019-10-16 to Dewey</subfield>
    <subfield code="w">xm06 2019-10-17</subfield>
    <subfield code="a">xn11 2020-01-03 1 copy rec&apos;d., to CIP ver.</subfield>
  </datafield>
  <datafield tag="010" ind1=" " ind2=" ">
    <subfield code="a">  2019042979</subfield>
  </datafield>
  <datafield tag="020" ind1=" " ind2=" ">
    <subfield code="a">9783631801932</subfield>
    <subfield code="q">(paperback)</subfield>
  </datafield>
  <datafield tag="020" ind1=" " ind2=" ">
    <subfield code="z">9783631804810</subfield>
    <subfield code="q">(ebook)</subfield>
  </datafield>
  <datafield tag="020" ind1=" " ind2=" ">
    <subfield code="z">9783631804827</subfield>
    <subfield code="q">(epub)</subfield>
  </datafield>
  <datafield tag="020" ind1=" " ind2=" ">
    <subfield code="z">9783631804834</subfield>
    <subfield code="q">(mobi)</subfield>
  </datafield>
  <datafield tag="040" ind1=" " ind2=" ">
    <subfield code="a">LBSOR/DLC</subfield>
    <subfield code="b">eng</subfield>
    <subfield code="c">DLC</subfield>
    <subfield code="e">rda</subfield>
  </datafield>
  <datafield tag="042" ind1=" " ind2=" ">
    <subfield code="a">pcc</subfield>
  </datafield>
  <datafield tag="043" ind1=" " ind2=" ">
    <subfield code="a">a-tu---</subfield>
  </datafield>
  <datafield tag="050" ind1="0" ind2="0">
    <subfield code="a">JV8745</subfield>
    <subfield code="b">.I66 2019</subfield>
  </datafield>
  <datafield tag="082" ind1="0" ind2="0">
    <subfield code="a">325.561</subfield>
    <subfield code="2">23</subfield>
  </datafield>
  <datafield tag="245" ind1="0" ind2="0">
    <subfield code="a">Immigration policy studies :</subfield>
    <subfield code="b">theoretical and empirical migration researches /</subfield>
    <subfield code="c">Ufuk Bingöl (ed.)</subfield>
  </datafield>
  <datafield tag="263" ind1=" " ind2=" ">
    <subfield code="a">1111</subfield>
  </datafield>
  <datafield tag="264" ind1=" " ind2="1">
    <subfield code="a">Berlin ;</subfield>
    <subfield code="a">New York :</subfield>
    <subfield code="b">Peter Lang,</subfield>
    <subfield code="c">[2019]</subfield>
  </datafield>
  <datafield tag="300" ind1=" " ind2=" ">
    <subfield code="a">pages cm</subfield>
  </datafield>
  <datafield tag="336" ind1=" " ind2=" ">
    <subfield code="a">text</subfield>
    <subfield code="b">txt</subfield>
    <subfield code="2">rdacontent</subfield>
  </datafield>
  <datafield tag="337" ind1=" " ind2=" ">
    <subfield code="a">unmediated</subfield>
    <subfield code="b">n</subfield>
    <subfield code="2">rdamedia</subfield>
  </datafield>
  <datafield tag="338" ind1=" " ind2=" ">
    <subfield code="a">volume</subfield>
    <subfield code="b">nc</subfield>
    <subfield code="2">rdacarrier</subfield>
  </datafield>
  <datafield tag="504" ind1=" " ind2=" ">
    <subfield code="a">Includes bibliographical references.</subfield>
  </datafield>
  <datafield tag="505" ind1="0" ind2=" ">
    <subfield code="a">What is required of a welfare state? : a comparison of the migration policies employed in both Turkey and Europe with regard to Syrian refugees / İnci Aksu Kargın -- Migration management and municipalities in the context of urban refugees : legal and administrative approach / Hicran Hamza Çelikyay -- The right to work of workers under temporary protection status in Turkey / Mehtap Yücel Bodur -- International migration and immigrants : an evaluation in the context of the new security concept / Emre Çıtak -- The effects of transboundary movements on security and stability / Zeynep Yücel -- Refugees in the Turkish labor market : legal and economic analysis / Yavuz Kağan Yasım -- The economic reflections on the homeland of the reverse brain drain tendency in Turkish scientific diaspora / Atakan Durmaz -- Migration : employment, productivity and openness / M. Kenan Terzioğlu, Merve Öztürk and Ayhan Gençler -- Migration and adaptation / Çiğdem Yüksel, Didem Ayhan and Neşe Mercan -- Immigrants and health / Melike (Çallı) Kaplan -- Migration and urban space : the distribution of Syrian asylum seekers in the space / Eylem Beyazıt -- &quot;Who is who according to whom?&quot; : an analysis of the relationship between teachers candidates&apos; attitudes towards refugees and their understandings of multiculturalism from different perspectives / Banu Yaman Ortaş -- The journeys of Afghan immigrants and the relationship among immigrants / Hayrettin Şahin and Kemal Çiftyildiz -- Turkish migration policies in the context of Syrian refugees through from the Turkish citizens&apos; perspective : the case of Konya / Erhan Örselli and Veysel Babahanoğlu -- Measuring attitudes towards migrants : the case of Bandirma / Neslihan Arslan -- A study on the integration process of Syrians who emigrated to Aydın Province after 2011 / Eren Alper Yılmaz -- Factors affecting households&apos; internal migration intention in Muş Province, Turkey : an ordered discrete choice modeling approach / Kerem Karabulut, Ali Kemal Çelik, Dilek Özdemir and Kübra Karakuş -- The effect of geopolitical factors on migration and settlement geography : the case of Sakarya / Cemile Şahin.</subfield>
  </datafield>
  <datafield tag="520" ind1=" " ind2=" ">
    <subfield code="a">&quot;The migration movement, which has taken place since the beginning of the story of mankind, increasingly continues voluntarily or compulsorily for various reasons such as social challenges, technological revolutions and wars. Due to migration, many new questions emerge depending on these issues. Researchers from many different disciplines are looking for answers to these questions arising from migration movements. This book covers deep researches from different perspectives and disciplines upon migration by successful and expert researchers in their field. In this book, different and rigorous analyses of all areas influenced by migration are carried out and various dimensions of immigration studies are shown&quot;--</subfield>
    <subfield code="c">Provided by publisher.</subfield>
  </datafield>
  <datafield tag="651" ind1=" " ind2="0">
    <subfield code="a">Turkey</subfield>
    <subfield code="x">Emigration and immigration</subfield>
    <subfield code="x">Government policy.</subfield>
  </datafield>
  <datafield tag="651" ind1=" " ind2="0">
    <subfield code="a">Turkey</subfield>
    <subfield code="x">Emigration and immigration</subfield>
    <subfield code="x">Social aspects.</subfield>
  </datafield>
  <datafield tag="700" ind1="1" ind2=" ">
    <subfield code="a">Bingöl, Ufuk,</subfield>
    <subfield code="d">1984-</subfield>
    <subfield code="e">editor.</subfield>
  </datafield>
  <datafield tag="776" ind1="0" ind2="8">
    <subfield code="i">Online version:</subfield>
    <subfield code="t">Immigration policy studies.</subfield>
    <subfield code="d">Berlin ; New York : Peter Lang, [2019]</subfield>
    <subfield code="z">9783631804810</subfield>
    <subfield code="w">(DLC)  2019042980</subfield>
  </datafield>
  <datafield tag="985" ind1=" " ind2=" ">
    <subfield code="a">LBSORCIP</subfield>
    <subfield code="d">2019-10-09</subfield>
  </datafield>
</record>