
<record>
  <leader>03610cam a22003378i 4500</leader>
  <controlfield tag="001">21244586</controlfield>
  <controlfield tag="005">20200103160306.0</controlfield>
  <controlfield tag="008">191017s2019    nyu      b    001 0 eng  </controlfield>
  <datafield tag="906" ind1=" " ind2=" ">
    <subfield code="a">0</subfield>
    <subfield code="b">vip</subfield>
    <subfield code="c">orignew</subfield>
    <subfield code="d">1</subfield>
    <subfield code="e">ecip</subfield>
    <subfield code="f">20</subfield>
    <subfield code="g">y-gencatlg</subfield>
  </datafield>
  <datafield tag="925" ind1="0" ind2=" ">
    <subfield code="a">acquire</subfield>
    <subfield code="b">1 shelf copy</subfield>
    <subfield code="x">policy default</subfield>
  </datafield>
  <datafield tag="955" ind1=" " ind2=" ">
    <subfield code="b">rl12 2019-10-17</subfield>
    <subfield code="i">rl12 2019-10-17 to Dewey</subfield>
    <subfield code="w">xm08 2019-10-18 (telework)</subfield>
    <subfield code="a">xn17 2019-11-22 1 copy rec&apos;d., to CIP ver.</subfield>
    <subfield code="a">rl00 2019-11-26 to SMA</subfield>
    <subfield code="a">rl02 2019-11-26</subfield>
    <subfield code="f">rl02 2020-01-03 to</subfield>
  </datafield>
  <datafield tag="010" ind1=" " ind2=" ">
    <subfield code="a">  2019044612</subfield>
  </datafield>
  <datafield tag="020" ind1=" " ind2=" ">
    <subfield code="a">9781536165173</subfield>
    <subfield code="q">(hardcover)</subfield>
  </datafield>
  <datafield tag="020" ind1=" " ind2=" ">
    <subfield code="z">9781536165272</subfield>
    <subfield code="q">(adobe pdf)</subfield>
  </datafield>
  <datafield tag="040" ind1=" " ind2=" ">
    <subfield code="a">DLC</subfield>
    <subfield code="b">eng</subfield>
    <subfield code="c">DLC</subfield>
    <subfield code="e">rda</subfield>
  </datafield>
  <datafield tag="042" ind1=" " ind2=" ">
    <subfield code="a">pcc</subfield>
  </datafield>
  <datafield tag="050" ind1="0" ind2="0">
    <subfield code="a">QP601.7</subfield>
    <subfield code="b">.C56 2019</subfield>
  </datafield>
  <datafield tag="082" ind1="0" ind2="0">
    <subfield code="a">572/.76</subfield>
    <subfield code="2">23</subfield>
  </datafield>
  <datafield tag="245" ind1="0" ind2="2">
    <subfield code="a">A closer look at metalloproteinases /</subfield>
    <subfield code="c">Lena Goodwin, editor.</subfield>
  </datafield>
  <datafield tag="263" ind1=" " ind2=" ">
    <subfield code="a">1111</subfield>
  </datafield>
  <datafield tag="264" ind1=" " ind2="1">
    <subfield code="a">New York :</subfield>
    <subfield code="b">Nova Science Publishers,</subfield>
    <subfield code="c">[2019]</subfield>
  </datafield>
  <datafield tag="300" ind1=" " ind2=" ">
    <subfield code="a">pages cm.</subfield>
  </datafield>
  <datafield tag="336" ind1=" " ind2=" ">
    <subfield code="a">text</subfield>
    <subfield code="b">txt</subfield>
    <subfield code="2">rdacontent</subfield>
  </datafield>
  <datafield tag="337" ind1=" " ind2=" ">
    <subfield code="a">unmediated</subfield>
    <subfield code="b">n</subfield>
    <subfield code="2">rdamedia</subfield>
  </datafield>
  <datafield tag="338" ind1=" " ind2=" ">
    <subfield code="a">volume</subfield>
    <subfield code="b">nc</subfield>
    <subfield code="2">rdacarrier</subfield>
  </datafield>
  <datafield tag="490" ind1="0" ind2=" ">
    <subfield code="a">Cell biology research progress</subfield>
  </datafield>
  <datafield tag="504" ind1=" " ind2=" ">
    <subfield code="a">Includes bibliographical references and index.</subfield>
  </datafield>
  <datafield tag="520" ind1=" " ind2=" ">
    <subfield code="a">&quot;A Closer Look at Metalloproteinases first presents an analysis of the matrix metalloproteinases system in two common neurodegenerative disorders, namely age-related macular degeneration and Alzheimer&apos;s disease. Next, this collection aims to evaluate the expression of matrix metalloproteinase-9 in nasopharyngeal carcinoma patients. The cross-sectional analytic study enrolled 106 patients with nasopharyngeal carcinoma based on radiologic and histopathological examination. The patient never underwent radiotherapy, chemotherapy and/or a combination. Matrix metalloproteinase-9 was assessed using immunohistochemical staining of matrix metalloproteinase-9 in the anatomic pathology department. The authors go on to discuss the matrix metalloproteinases family, their structural organization, functions and role in cardiovascular disease. Data about the role of matrix metalloproteinases in the pathogenesis of psoriasis is summarized. In psoriasis, matrix metalloproteinases facilitate structural remodeling of the epidermis that, in turn, results in the development of psoriatic plaques. Additionally, pregnancy is a very peculiar event in which the uterus undergoes intense morphophysiological modifications, especially related to vascular remodeling and angiogenesis, as well as trophoblast invasion, which occurs in early pregnancy period until reaching maternal spiral arteries and replacing the endothelium forming the endovascular-trophoblast. Such vascular modifications ensure the high-flow and low-pressure blood supply to the developing fetus, which in turn requires more and more space, causing the uterus to become enlarged and distended. In this context, an orchestrated regulation of matrix metalloproteinases and their endogenous inhibitors is essential for proper gestational development. In the penultimate chapter, tissue components, matrix metalloproteinases properties and functions, bone modelling, remodelling and resorption, repair and regeneration, and pathological bone resorption are discussed. The concluding chapter explores the way in which protein tyrosine phosphatases are important targets that are known to play a key role in the development of chronic degenerative diseases such as obesity, diabetes, and some neurological diseases&quot;--</subfield>
    <subfield code="c">Provided by publisher.</subfield>
  </datafield>
  <datafield tag="650" ind1=" " ind2="0">
    <subfield code="a">Metalloproteinases.</subfield>
  </datafield>
  <datafield tag="700" ind1="1" ind2=" ">
    <subfield code="a">Goodwin, Lena,</subfield>
    <subfield code="e">editor.</subfield>
  </datafield>
  <datafield tag="776" ind1="0" ind2="8">
    <subfield code="i">Online version:</subfield>
    <subfield code="t">A closer look at metalloproteinases</subfield>
    <subfield code="d">Hauppauge : Nova Science Publishers, 2020.</subfield>
    <subfield code="z">9781536165272</subfield>
    <subfield code="w">(DLC) 2019044613</subfield>
  </datafield>
</record>