
<record>
  <leader>03125cam a2200409 i 4500</leader>
  <controlfield tag="001">21254852</controlfield>
  <controlfield tag="005">20200103112459.0</controlfield>
  <controlfield tag="008">180511s2017    mx a     b   f000 0 spa c</controlfield>
  <datafield tag="906" ind1=" " ind2=" ">
    <subfield code="a">7</subfield>
    <subfield code="b">cbc</subfield>
    <subfield code="c">pccadap</subfield>
    <subfield code="d">2</subfield>
    <subfield code="e">ncip</subfield>
    <subfield code="f">20</subfield>
    <subfield code="g">y-gencatlg</subfield>
  </datafield>
  <datafield tag="925" ind1="0" ind2=" ">
    <subfield code="a">acquire</subfield>
    <subfield code="b">1 shelf copy</subfield>
    <subfield code="x">policy default</subfield>
  </datafield>
  <datafield tag="955" ind1=" " ind2=" ">
    <subfield code="b">bf11 2020-01-03 z-processor</subfield>
    <subfield code="i">bf11 2020-01-03 to Dewey</subfield>
  </datafield>
  <datafield tag="955" ind1=" " ind2=" ">
    <subfield code="a">ve07 2019-10-18</subfield>
    <subfield code="b">bf27 2019-11-25 to ALAWE/MCAC</subfield>
  </datafield>
  <datafield tag="010" ind1=" " ind2=" ">
    <subfield code="a">  2019447242</subfield>
  </datafield>
  <datafield tag="020" ind1=" " ind2=" ">
    <subfield code="a">9786070293986</subfield>
  </datafield>
  <datafield tag="020" ind1=" " ind2=" ">
    <subfield code="a">6070293983</subfield>
  </datafield>
  <datafield tag="035" ind1=" " ind2=" ">
    <subfield code="a">(OCoLC)on1031380126</subfield>
  </datafield>
  <datafield tag="040" ind1=" " ind2=" ">
    <subfield code="a">IQU</subfield>
    <subfield code="b">eng</subfield>
    <subfield code="c">IQU</subfield>
    <subfield code="e">rda</subfield>
    <subfield code="d">EEM</subfield>
    <subfield code="d">IQU</subfield>
    <subfield code="d">OCLCF</subfield>
    <subfield code="d">DLC</subfield>
  </datafield>
  <datafield tag="042" ind1=" " ind2=" ">
    <subfield code="a">pcc</subfield>
  </datafield>
  <datafield tag="043" ind1=" " ind2=" ">
    <subfield code="a">n-mx---</subfield>
  </datafield>
  <datafield tag="050" ind1="0" ind2="0">
    <subfield code="a">JZ1520</subfield>
    <subfield code="b">.P644 2017</subfield>
  </datafield>
  <datafield tag="130" ind1="0" ind2=" ">
    <subfield code="a">Política exterior de México (2017)</subfield>
  </datafield>
  <datafield tag="245" ind1="1" ind2="3">
    <subfield code="a">La política exterior de México :</subfield>
    <subfield code="b">entre la responsabilidad global y el interés nacional /</subfield>
    <subfield code="c">María Elena López Montero (coordinadora) ; Carlos Contreras Romero [and 8 others].</subfield>
  </datafield>
  <datafield tag="250" ind1=" " ind2=" ">
    <subfield code="a">Primera edición.</subfield>
  </datafield>
  <datafield tag="264" ind1=" " ind2="1">
    <subfield code="a">Naucalpan de Juárez, Estado de México :</subfield>
    <subfield code="b">Facultad de Estudios Superiores Acatlán, UNAM,</subfield>
    <subfield code="c">2017.</subfield>
  </datafield>
  <datafield tag="300" ind1=" " ind2=" ">
    <subfield code="a">333 pages :</subfield>
    <subfield code="b">illustrations ;</subfield>
    <subfield code="c">21 cm</subfield>
  </datafield>
  <datafield tag="336" ind1=" " ind2=" ">
    <subfield code="a">text</subfield>
    <subfield code="b">txt</subfield>
    <subfield code="2">rdacontent</subfield>
  </datafield>
  <datafield tag="337" ind1=" " ind2=" ">
    <subfield code="a">unmediated</subfield>
    <subfield code="b">n</subfield>
    <subfield code="2">rdamedia</subfield>
  </datafield>
  <datafield tag="338" ind1=" " ind2=" ">
    <subfield code="a">volume</subfield>
    <subfield code="b">nc</subfield>
    <subfield code="2">rdacarrier</subfield>
  </datafield>
  <datafield tag="504" ind1=" " ind2=" ">
    <subfield code="a">Includes bibliographical references.</subfield>
  </datafield>
  <datafield tag="505" ind1="0" ind2="0">
    <subfield code="g">Presentación --</subfield>
    <subfield code="t">La política exterior de la administración de Enrique Peña Nieto: estrategias globales e interés nacional /</subfield>
    <subfield code="r">María Elena López Montero --</subfield>
    <subfield code="t">Oportunidades y retos del rol de México como actor con responsabilidad global (2013-2018) /</subfield>
    <subfield code="r">Rodolfo Arturo Villavicencio López --</subfield>
    <subfield code="t">La política exterior de México: entre la realidad global y el interés nacional /</subfield>
    <subfield code="r">Halyve Hernández Ascencio --</subfield>
    <subfield code="t">La política de apertura financiera en México /</subfield>
    <subfield code="r">José Gabriel Gómez Ochoa --</subfield>
    <subfield code="t">Apertura comercial en la política exterior en la pretendida responsabilidad global de México /</subfield>
    <subfield code="r">Juan José Mercado Chacón --</subfield>
    <subfield code="t">Seguridad nacional y política exterior en la pretendida responsabilidad global de México /</subfield>
    <subfield code="r">Carlos Contreras Romera --</subfield>
    <subfield code="t">La agenda bilateral México-Estados Unidos: divergencias en materia de seguridad (2012-2015) /</subfield>
    <subfield code="r">Eduardo Alfonso Rosales Herrera --</subfield>
    <subfield code="t">El acuerdo entre México y Estados Unidos sobre explotación de los yacimientos transfronterizos de hidrocarburos en el Golfo de México. Negociaciones, contextos y perspectivas /</subfield>
    <subfield code="r">Rubén Cuéllar Laureano --</subfield>
    <subfield code="t">La reforma en telecomunicaciones y la política exterior de México /</subfield>
    <subfield code="r">Lucía Viridiana Alvarado García --</subfield>
    <subfield code="t">Una aproximación a la política marca país /</subfield>
    <subfield code="r">Zulma Carballo Guzmán --</subfield>
    <subfield code="g">Conclusiones generales.</subfield>
  </datafield>
  <datafield tag="651" ind1=" " ind2="0">
    <subfield code="a">Mexico</subfield>
    <subfield code="x">Foreign relations</subfield>
    <subfield code="y">2000-</subfield>
  </datafield>
  <datafield tag="700" ind1="1" ind2=" ">
    <subfield code="a">López Montero, María Elena,</subfield>
    <subfield code="e">editor.</subfield>
  </datafield>
  <datafield tag="700" ind1="1" ind2="2">
    <subfield code="i">Container of (work):</subfield>
    <subfield code="a">López Montero, María Elena.</subfield>
    <subfield code="t">Política exterior de la administración de Enrique Peña Nieto.</subfield>
  </datafield>
  <datafield tag="700" ind1="1" ind2="2">
    <subfield code="i">Container of (work):</subfield>
    <subfield code="a">Contreras Romero, Carlos.</subfield>
    <subfield code="t">Seguridad nacional y política exterior en la pretendida responsabilidad global de México.</subfield>
  </datafield>
  <datafield tag="710" ind1="2" ind2=" ">
    <subfield code="a">FES Acatlán (Institution)</subfield>
  </datafield>
  <datafield tag="923" ind1=" " ind2=" ">
    <subfield code="d">20191003</subfield>
    <subfield code="n">84919</subfield>
    <subfield code="s">Mx-MxBFM</subfield>
  </datafield>
  <datafield tag="985" ind1=" " ind2=" ">
    <subfield code="e">VENDOR LOAD</subfield>
  </datafield>
</record>