
<record>
  <leader>03377cam a22003855i 4500</leader>
  <controlfield tag="001">21254887</controlfield>
  <controlfield tag="005">20200103160310.0</controlfield>
  <controlfield tag="008">190802t20192019mx ac         000 1 spa  </controlfield>
  <datafield tag="906" ind1=" " ind2=" ">
    <subfield code="a">0</subfield>
    <subfield code="b">ibc</subfield>
    <subfield code="c">origres</subfield>
    <subfield code="d">2</subfield>
    <subfield code="e">ncip</subfield>
    <subfield code="f">20</subfield>
    <subfield code="g">y-gencatlg</subfield>
  </datafield>
  <datafield tag="925" ind1="0" ind2=" ">
    <subfield code="a">acquire</subfield>
    <subfield code="b">1 shelf copy</subfield>
    <subfield code="x">policy default</subfield>
  </datafield>
  <datafield tag="955" ind1=" " ind2=" ">
    <subfield code="a">ve07 2019-10-18</subfield>
    <subfield code="b">bf27 2019-12-13 to ALAWE/MCAC</subfield>
  </datafield>
  <datafield tag="010" ind1=" " ind2=" ">
    <subfield code="a">  2019447410</subfield>
  </datafield>
  <datafield tag="020" ind1=" " ind2=" ">
    <subfield code="a">9786079791933</subfield>
  </datafield>
  <datafield tag="035" ind1=" " ind2=" ">
    <subfield code="a">(Mx-MxBFM)bfm970188431</subfield>
  </datafield>
  <datafield tag="040" ind1=" " ind2=" ">
    <subfield code="a">DLC</subfield>
    <subfield code="b">eng</subfield>
    <subfield code="c">DLC</subfield>
    <subfield code="e">rda</subfield>
  </datafield>
  <datafield tag="042" ind1=" " ind2=" ">
    <subfield code="a">pcc</subfield>
  </datafield>
  <datafield tag="050" ind1="0" ind2="0">
    <subfield code="a">PQ7085</subfield>
  </datafield>
  <datafield tag="245" ind1="0" ind2="4">
    <subfield code="a">Una Odisea y media después :</subfield>
    <subfield code="b">La Marina de Ficticia : [2001-2016] /</subfield>
    <subfield code="c">José Manuel Ortiz Soto (compilador).</subfield>
  </datafield>
  <datafield tag="250" ind1=" " ind2=" ">
    <subfield code="a">Primera edición.</subfield>
  </datafield>
  <datafield tag="264" ind1=" " ind2="1">
    <subfield code="a">Ciudad de México :</subfield>
    <subfield code="b">Editorial La Tinta del Silencio,</subfield>
    <subfield code="c">2019.</subfield>
  </datafield>
  <datafield tag="264" ind1=" " ind2="4">
    <subfield code="c">©2019</subfield>
  </datafield>
  <datafield tag="300" ind1=" " ind2=" ">
    <subfield code="a">112 pages :</subfield>
    <subfield code="b">illustrations, portrait ;</subfield>
    <subfield code="c">17 cm.</subfield>
  </datafield>
  <datafield tag="336" ind1=" " ind2=" ">
    <subfield code="a">text</subfield>
    <subfield code="b">txt</subfield>
    <subfield code="2">rdacontent</subfield>
  </datafield>
  <datafield tag="337" ind1=" " ind2=" ">
    <subfield code="a">unmediated</subfield>
    <subfield code="b">n</subfield>
    <subfield code="2">rdamedia</subfield>
  </datafield>
  <datafield tag="338" ind1=" " ind2=" ">
    <subfield code="a">volume</subfield>
    <subfield code="b">nc</subfield>
    <subfield code="2">rdacarrier</subfield>
  </datafield>
  <datafield tag="490" ind1="0" ind2=" ">
    <subfield code="a">La nave insólita. Colección de narrativa breve ;</subfield>
    <subfield code="v">número 8</subfield>
  </datafield>
  <datafield tag="500" ind1=" " ind2=" ">
    <subfield code="a">Contains photo.</subfield>
  </datafield>
  <datafield tag="505" ind1="0" ind2=" ">
    <subfield code="a">Macho alfa ; La raIz del problema ; Un tamblor en la mano / Victor Antero Flores -- FicciOn mAxima ; En la corte de Camelot ; Haute couture / Raqueil Blasco SAnchez - MaNana ; Tarde ; Noche / Carlos Bortoni -- Trapos sucios ; Secuencia domEstica ; Complicidad / MOnica Brasca -- AsI pasO ; A la manera de BuNuel ; Yuppi / Miriam Chepsy -- Cicatrices ; Vidas imaginarias ; Mater amatisima / Elisa de Armas -- De la verdadera escanea del balcON ; &quot;Hawa Mahal&quot; ; Hacia el serenismo / Carlos del Bella -- Escondida ; LunAticos ; Escena de soledades / Lola DIaz-Ambrona de Llera -- Yo sI ; Com;emenarios ; Historia de una bala / JosE Manuel Dorrego SAenz -- Blatta orielalis ; Fuga IV ; K en la risa / Lilian Elphick -- El pez mAs grande ; El que nace para maceta no pasa del corredor ; El etonor retorno / JosE T. Espinosa-JAcome -- El sueNO de la razON ; Ouija ; Felinos / Marcial FernAndez -- MuNecas rusas ; Aronia mudi ; QuiEn le teme al lobo feroz? / Josep MartInez NuEvalos -- Junto y aparte ; Amoroso letrado ; Compicaciones sentimentales / AgustIn Monsreal -- Cajes del oficIcio ; SueNos irreconcibles ; Lo escrito, escrito estA / Juan Manuel Montes -- Proyecciones ; Isidra ; Del por quE ya no exiten los arcAngeles / AmElie Olaiz -- MelOmano ; Tiempo peridido ; Infiedliades.com / Jorge Oropeza Avila -- Autojusiticia ; Apocalipstick ; Bajo la reluciente superficie del lago, o, las modernades dietEticas / Aflonso Pedraza -- Noches con la bestia ; Teraipa del leON ; Dignidades del hombre lobo / Javier Perucho -- Ultimo intento ; Zoo renglones ; TeletransportaciOn / Fernando SAnchez Clelo -- PapA viene de visita ; Libre de culpa ; Defensa / Carmen SimOn -- El escritor abadnona la libreta... ; El; narrador de cuentos ingresa... ; Descepionado por la pelIcula de terror... / Rony VAsquez Guevara -- Pueblo ; Ardid informativo ; Fuga / JosE Luis SandIn -- La ambiciones demedidas del tul ; El rumor ; FAbula matinal / JosE Luis Velarde -- Vidiros polarizados ; Tocayos ; MAscaras / Laura Eliza VizcaIno.</subfield>
  </datafield>
  <datafield tag="650" ind1=" " ind2="0">
    <subfield code="a">Flash fiction, Spanish American.</subfield>
  </datafield>
  <datafield tag="650" ind1=" " ind2="0">
    <subfield code="a">Flash fiction, Spanish.</subfield>
  </datafield>
  <datafield tag="650" ind1=" " ind2="0">
    <subfield code="a">Spanish American fiction</subfield>
    <subfield code="y">21st century.</subfield>
  </datafield>
  <datafield tag="650" ind1=" " ind2="0">
    <subfield code="a">Spanish fiction</subfield>
    <subfield code="y">21st century.</subfield>
  </datafield>
  <datafield tag="700" ind1="1" ind2=" ">
    <subfield code="a">Ortiz Soto, José Manuel,</subfield>
    <subfield code="e">editor.</subfield>
  </datafield>
  <datafield tag="923" ind1=" " ind2=" ">
    <subfield code="d">20191004</subfield>
    <subfield code="n">84921</subfield>
    <subfield code="s">Mx-MxBFM</subfield>
  </datafield>
  <datafield tag="985" ind1=" " ind2=" ">
    <subfield code="e">VENDOR LOAD</subfield>
  </datafield>
</record>