
<record>
  <leader>02350cam a22003495i 4500</leader>
  <controlfield tag="001">21255102</controlfield>
  <controlfield tag="005">20200103154615.0</controlfield>
  <controlfield tag="008">190711t20192019be            000 1 dut d</controlfield>
  <datafield tag="906" ind1=" " ind2=" ">
    <subfield code="a">0</subfield>
    <subfield code="b">ibc</subfield>
    <subfield code="c">copycat</subfield>
    <subfield code="d">3</subfield>
    <subfield code="e">ncip</subfield>
    <subfield code="f">20</subfield>
    <subfield code="g">y-gencatlg</subfield>
  </datafield>
  <datafield tag="925" ind1="0" ind2=" ">
    <subfield code="a">acquire</subfield>
    <subfield code="b">1 shelf copy</subfield>
    <subfield code="x">policy default</subfield>
  </datafield>
  <datafield tag="955" ind1=" " ind2=" ">
    <subfield code="a">ve17 2019-10-18</subfield>
    <subfield code="b">bd19 2019-12-05</subfield>
    <subfield code="b">bd34 2020-01-03 z-processor</subfield>
    <subfield code="i">bd34 2020-01-03</subfield>
  </datafield>
  <datafield tag="010" ind1=" " ind2=" ">
    <subfield code="a">  2019466404</subfield>
  </datafield>
  <datafield tag="020" ind1=" " ind2=" ">
    <subfield code="a">9789463104661</subfield>
    <subfield code="q">(paperback)</subfield>
  </datafield>
  <datafield tag="020" ind1=" " ind2=" ">
    <subfield code="a">9463104666</subfield>
    <subfield code="q">(paperback)</subfield>
  </datafield>
  <datafield tag="035" ind1=" " ind2=" ">
    <subfield code="a">(OCoLC)on1107679212</subfield>
  </datafield>
  <datafield tag="040" ind1=" " ind2=" ">
    <subfield code="a">ERASA</subfield>
    <subfield code="b">eng</subfield>
    <subfield code="c">ERASA</subfield>
    <subfield code="e">rda</subfield>
    <subfield code="d">L2U</subfield>
    <subfield code="d">HLS</subfield>
    <subfield code="d">IUL</subfield>
    <subfield code="d">DLC</subfield>
  </datafield>
  <datafield tag="042" ind1=" " ind2=" ">
    <subfield code="a">lccopycat</subfield>
  </datafield>
  <datafield tag="050" ind1="0" ind2="0">
    <subfield code="a">PT6467.36.A34</subfield>
    <subfield code="b">G73 2019</subfield>
  </datafield>
  <datafield tag="082" ind1="0" ind2="4">
    <subfield code="a">839.31</subfield>
  </datafield>
  <datafield tag="100" ind1="1" ind2=" ">
    <subfield code="a">Zadelhoff, Willem van,</subfield>
    <subfield code="d">1958-</subfield>
    <subfield code="e">author.</subfield>
  </datafield>
  <datafield tag="245" ind1="1" ind2="4">
    <subfield code="a">Een graf in de wolken :</subfield>
    <subfield code="b">roman /</subfield>
    <subfield code="c">Willem van Zadelhoff.</subfield>
  </datafield>
  <datafield tag="264" ind1=" " ind2="1">
    <subfield code="a">Kalmthout, België :</subfield>
    <subfield code="b">Polis</subfield>
    <subfield code="c">[2019]</subfield>
  </datafield>
  <datafield tag="264" ind1=" " ind2="4">
    <subfield code="c">©2019</subfield>
  </datafield>
  <datafield tag="300" ind1=" " ind2=" ">
    <subfield code="a">255 pages ;</subfield>
    <subfield code="c">20 cm</subfield>
  </datafield>
  <datafield tag="336" ind1=" " ind2=" ">
    <subfield code="a">text</subfield>
    <subfield code="b">txt</subfield>
    <subfield code="2">rdacontent</subfield>
  </datafield>
  <datafield tag="337" ind1=" " ind2=" ">
    <subfield code="a">unmediated</subfield>
    <subfield code="b">n</subfield>
    <subfield code="2">rdamedia</subfield>
  </datafield>
  <datafield tag="338" ind1=" " ind2=" ">
    <subfield code="a">volume</subfield>
    <subfield code="b">nc</subfield>
    <subfield code="2">rdacarrier</subfield>
  </datafield>
  <datafield tag="520" ind1="8" ind2=" ">
    <subfield code="a">Arnhem, 1940. Terwijl de Tweede Wereldoorlog Europa steeds meer in zijn greep krijgt, worstelt de twintigjarige Leonard met zijn gevoelens voor de joodse vluchteling Daniël. Dat de lijn tussen vriendschap en liefde dun is, beseft ook zijn verloofde Dora. Als Daniël samen met zijn ouders wordt opgepakt en kort daarop wordt gedeporteerd, stort Leonards wereld in elkaar. Dora, die ziet dat Daniël nu meer dan ooit tussen hen in staat, verbreekt de verloving en zoekt troost in de armen van een getraumatiseerde Duitse soldaat. Na de bevrijding keert Leonard terug naar het volkomen verwoeste Arnhem, waar alles hem aan Daniël herinnert. Dora wordt kaalgeschoren en belandt in een interneringskamp. Voor hen is de oorlog nog lang niet afgelopen. Pas tien jaar later zullen ze elkaar opnieuw ontmoeten. Willem van Zadelhoff (Arnhem, 1958) studeerde aan de Arnhemse Toneelschool en was werkzaam in een galerie, in het theater en als recensent. Hij debuteerde in 2003 met de enthousiast ontvangen roman &apos;Een stoel&apos;, het eerste deel van zijn &apos;Holle haven&apos;-cyclus. Voor zijn poëziebundel &apos;Tijd en landen&apos; werd hem de Herman de Coninckprijs voor het beste debuut toegekend.</subfield>
  </datafield>
  <datafield tag="655" ind1=" " ind2="7">
    <subfield code="a">Novels.</subfield>
    <subfield code="2">lcgft</subfield>
  </datafield>
  <datafield tag="650" ind1=" " ind2="7">
    <subfield code="a">18.11 Dutch literature.</subfield>
    <subfield code="2">nbc</subfield>
    <subfield code="0">(NL-LeOCL)077612027</subfield>
  </datafield>
  <datafield tag="923" ind1=" " ind2=" ">
    <subfield code="d">20191014</subfield>
    <subfield code="n">90127386</subfield>
    <subfield code="s">V00009436</subfield>
  </datafield>
  <datafield tag="985" ind1=" " ind2=" ">
    <subfield code="e">VENDOR LOAD</subfield>
  </datafield>
</record>