
<record>
  <leader>03245cam a2200421 i 4500</leader>
  <controlfield tag="001">21255749</controlfield>
  <controlfield tag="005">20200103170002.0</controlfield>
  <controlfield tag="008">191004t20192019fr d          000 0 fre  </controlfield>
  <datafield tag="906" ind1=" " ind2=" ">
    <subfield code="a">7</subfield>
    <subfield code="b">cbc</subfield>
    <subfield code="c">origres</subfield>
    <subfield code="d">3</subfield>
    <subfield code="e">ncip</subfield>
    <subfield code="f">20</subfield>
    <subfield code="g">y-gencatlg</subfield>
  </datafield>
  <datafield tag="925" ind1="0" ind2=" ">
    <subfield code="a">acquire</subfield>
    <subfield code="b">1 shelf copy</subfield>
    <subfield code="x">policy default</subfield>
  </datafield>
  <datafield tag="955" ind1=" " ind2=" ">
    <subfield code="a">ve03 2019-10-18</subfield>
    <subfield code="b">BD25 2019-11-01</subfield>
    <subfield code="i">bd21 2020-01-03 (telework)</subfield>
  </datafield>
  <datafield tag="010" ind1=" " ind2=" ">
    <subfield code="a">  2019460756</subfield>
  </datafield>
  <datafield tag="020" ind1=" " ind2=" ">
    <subfield code="a">9782204131520</subfield>
    <subfield code="q">(paperback)</subfield>
  </datafield>
  <datafield tag="035" ind1=" " ind2=" ">
    <subfield code="a">(Fr-PaAMA)AAL0827469-0001</subfield>
  </datafield>
  <datafield tag="040" ind1=" " ind2=" ">
    <subfield code="a">DLC</subfield>
    <subfield code="b">eng</subfield>
    <subfield code="c">DLC</subfield>
    <subfield code="e">rda</subfield>
  </datafield>
  <datafield tag="042" ind1=" " ind2=" ">
    <subfield code="a">pcc</subfield>
  </datafield>
  <datafield tag="043" ind1=" " ind2=" ">
    <subfield code="a">ee-----</subfield>
    <subfield code="a">ew-----</subfield>
  </datafield>
  <datafield tag="050" ind1="0" ind2="0">
    <subfield code="a">DJK45.E85</subfield>
    <subfield code="b">G37 2019</subfield>
  </datafield>
  <datafield tag="100" ind1="1" ind2=" ">
    <subfield code="a">Gastineau, Max-Erwann,</subfield>
    <subfield code="d">1988-</subfield>
    <subfield code="e">author.</subfield>
  </datafield>
  <datafield tag="245" ind1="1" ind2="3">
    <subfield code="a">Le nouveau procès de l&apos;Est /</subfield>
    <subfield code="c">Max-Erwann Gastineau.</subfield>
  </datafield>
  <datafield tag="264" ind1=" " ind2="1">
    <subfield code="a">Paris :</subfield>
    <subfield code="b">Les Éditions du Cerf,</subfield>
    <subfield code="c">[2019]</subfield>
  </datafield>
  <datafield tag="264" ind1=" " ind2="4">
    <subfield code="c">©2019</subfield>
  </datafield>
  <datafield tag="300" ind1=" " ind2=" ">
    <subfield code="a">185 pages :</subfield>
    <subfield code="b">chart ;</subfield>
    <subfield code="c">21 cm</subfield>
  </datafield>
  <datafield tag="336" ind1=" " ind2=" ">
    <subfield code="a">text</subfield>
    <subfield code="b">txt</subfield>
    <subfield code="2">rdacontent</subfield>
  </datafield>
  <datafield tag="337" ind1=" " ind2=" ">
    <subfield code="a">unmediated</subfield>
    <subfield code="b">n</subfield>
    <subfield code="2">rdamedia</subfield>
  </datafield>
  <datafield tag="338" ind1=" " ind2=" ">
    <subfield code="a">volume</subfield>
    <subfield code="b">nc</subfield>
    <subfield code="2">rdacarrier</subfield>
  </datafield>
  <datafield tag="505" ind1="0" ind2="0">
    <subfield code="t">Le procès de Strasbourg --</subfield>
    <subfield code="t">2018, Dictatus humane --</subfield>
    <subfield code="t">Le lyrisme révolutionnaire ou la tragédie européenne --</subfield>
    <subfield code="t">Face à l&apos;impuissance collective. --</subfield>
    <subfield code="t">Homo liberalis --</subfield>
    <subfield code="t">L&apos;alternative hongroise --</subfield>
    <subfield code="t">Homo illiberalis --</subfield>
    <subfield code="t">L&apos;humanisme d&apos;Europe centrale --</subfield>
    <subfield code="t">Démocratie et sentiment national --</subfield>
    <subfield code="t">La France, nation de la sortie des nations.</subfield>
  </datafield>
  <datafield tag="520" ind1=" " ind2=" ">
    <subfield code="a">&quot;Les deux Europe, de l&apos;Est et de l&apos;Ouest, sont-elles condamnées à se méconnaître et à s&apos;exclure ? Pourquoi Bruxelles s&apos;oppose-t-elle à Budapest, Varsovie ? Comment Viktor Orbàn peut-il être si populaire dans son pays et autant combattu par l&apos;Union européenne ? Pour quelles raisons le régime politique &quot;illibéral&quot;, qui est jugé ici comme un danger pour la démocratie, est-il considéré là-bas comme une condition de la liberté ? C&apos;est pour répondre à ces questions que Max-Erwann Gastineau a écrit ce livre. Du choc médiéval des empires et de l&apos;avènement moderne des nations à la résistance au totalitarisme communiste et aux lendemains de la chute du Mur, il dresse la généalogie d&apos;une autre culture, cousine et contradictoire avec la nôtre. Une culture où la tradition l&apos;emporte sur le progrès, où la protection sur l&apos;ouverture et où le politique sur le droit. Une culture que l&apos;on croit si bien connaître qu&apos;on en fait aisément le procès mais dont, en fait, on ignore l&apos;essentiel. Sans idéalisation mais avec exactitude et sensibilité, mesurant les mémoires blessées et les préjugés hostiles de part et d&apos;autre, entrant en dialogue avec Raymond Aron, Jürgen Habermas, mais aussi Milan Kundera et Czestaw Mitosz, Max-Erwann Gastineau nous entraîne dans un périple inattendu et passionnant au coeur de l&apos;inconscient européen.&quot;--Page 4 of cover.</subfield>
  </datafield>
  <datafield tag="651" ind1=" " ind2="0">
    <subfield code="a">Europe, Eastern</subfield>
    <subfield code="x">Foreign relations</subfield>
    <subfield code="z">Europe, Western.</subfield>
  </datafield>
  <datafield tag="651" ind1=" " ind2="0">
    <subfield code="a">Europe, Western</subfield>
    <subfield code="x">Foreign relations</subfield>
    <subfield code="z">Europe, Eastern.</subfield>
  </datafield>
  <datafield tag="651" ind1=" " ind2="0">
    <subfield code="a">Europe, Eastern</subfield>
    <subfield code="x">Relations</subfield>
    <subfield code="z">Europe, Western.</subfield>
  </datafield>
  <datafield tag="651" ind1=" " ind2="0">
    <subfield code="a">Europe, Western</subfield>
    <subfield code="x">Relations</subfield>
    <subfield code="z">Europe, Eastern.</subfield>
  </datafield>
  <datafield tag="651" ind1=" " ind2="0">
    <subfield code="a">Europe, Eastern</subfield>
    <subfield code="x">Politics and government</subfield>
    <subfield code="y">1989-</subfield>
  </datafield>
  <datafield tag="651" ind1=" " ind2="0">
    <subfield code="a">Europe, Eastern</subfield>
    <subfield code="x">Intellectual life</subfield>
    <subfield code="y">1989-</subfield>
  </datafield>
  <datafield tag="650" ind1=" " ind2="0">
    <subfield code="a">Authoritarianism.</subfield>
  </datafield>
  <datafield tag="650" ind1=" " ind2="0">
    <subfield code="a">Democracy.</subfield>
  </datafield>
  <datafield tag="923" ind1=" " ind2=" ">
    <subfield code="d">20191011</subfield>
    <subfield code="n">633709</subfield>
    <subfield code="s">AmaLivre</subfield>
  </datafield>
  <datafield tag="985" ind1=" " ind2=" ">
    <subfield code="e">VENDOR LOAD</subfield>
  </datafield>
</record>