
<record>
  <leader>02331cam a22003857i 4500</leader>
  <controlfield tag="001">21266259</controlfield>
  <controlfield tag="005">20200103114415.0</controlfield>
  <controlfield tag="008">191023t20182018moua     b   f100 0 eng d</controlfield>
  <datafield tag="906" ind1=" " ind2=" ">
    <subfield code="a">7</subfield>
    <subfield code="b">cbc</subfield>
    <subfield code="c">copycat</subfield>
    <subfield code="d">3</subfield>
    <subfield code="e">ncip</subfield>
    <subfield code="f">20</subfield>
    <subfield code="g">y-gencatlg</subfield>
  </datafield>
  <datafield tag="925" ind1="0" ind2=" ">
    <subfield code="a">acquire</subfield>
    <subfield code="b">1 shelf copy</subfield>
    <subfield code="x">policy default</subfield>
  </datafield>
  <datafield tag="955" ind1=" " ind2=" ">
    <subfield code="b">hk07 2019-10-23 z-processor to Cataloger</subfield>
    <subfield code="i">hk15 2020-01-03 to Dewey</subfield>
  </datafield>
  <datafield tag="010" ind1=" " ind2=" ">
    <subfield code="a">  2019394104</subfield>
  </datafield>
  <datafield tag="035" ind1=" " ind2=" ">
    <subfield code="a">(OCoLC)on1120937117</subfield>
  </datafield>
  <datafield tag="040" ind1=" " ind2=" ">
    <subfield code="a">VVC</subfield>
    <subfield code="b">eng</subfield>
    <subfield code="c">VVC</subfield>
    <subfield code="e">rda</subfield>
    <subfield code="d">VVC</subfield>
    <subfield code="d">OSU</subfield>
    <subfield code="d">NMS</subfield>
    <subfield code="d">DLC</subfield>
  </datafield>
  <datafield tag="042" ind1=" " ind2=" ">
    <subfield code="a">lccopycat</subfield>
  </datafield>
  <datafield tag="050" ind1="0" ind2="0">
    <subfield code="a">HD87</subfield>
    <subfield code="b">.C4175 2018</subfield>
  </datafield>
  <datafield tag="086" ind1="0" ind2=" ">
    <subfield code="a">FR 1.2:C 43x</subfield>
  </datafield>
  <datafield tag="245" ind1="0" ind2="0">
    <subfield code="a">Changing market structure and implications for monetary policy :</subfield>
    <subfield code="b">a symposium sponsored by The Federal Reserve Bank of Kansas City, Jackson Hole, Wyo., Aug. 23-25, 2018.</subfield>
  </datafield>
  <datafield tag="246" ind1="1" ind2="4">
    <subfield code="a">Changing market structures and implications for monetary policy</subfield>
  </datafield>
  <datafield tag="264" ind1=" " ind2="1">
    <subfield code="a">Kansas City :</subfield>
    <subfield code="b">Federal Reserve Bank of Kansas City,</subfield>
    <subfield code="c">[2018]</subfield>
  </datafield>
  <datafield tag="264" ind1=" " ind2="4">
    <subfield code="c">©2018</subfield>
  </datafield>
  <datafield tag="300" ind1=" " ind2=" ">
    <subfield code="a">xxvii, 505 pages :</subfield>
    <subfield code="b">illustrations ;</subfield>
    <subfield code="c">23 cm.</subfield>
  </datafield>
  <datafield tag="336" ind1=" " ind2=" ">
    <subfield code="a">text</subfield>
    <subfield code="b">txt</subfield>
    <subfield code="2">rdacontent</subfield>
  </datafield>
  <datafield tag="337" ind1=" " ind2=" ">
    <subfield code="a">unmediated</subfield>
    <subfield code="b">n</subfield>
    <subfield code="2">rdamedia</subfield>
  </datafield>
  <datafield tag="338" ind1=" " ind2=" ">
    <subfield code="a">volume</subfield>
    <subfield code="b">nc</subfield>
    <subfield code="2">rdacarrier</subfield>
  </datafield>
  <datafield tag="490" ind1="1" ind2=" ">
    <subfield code="a">Symposium ;</subfield>
    <subfield code="v">2018</subfield>
  </datafield>
  <datafield tag="504" ind1=" " ind2=" ">
    <subfield code="a">Includes bibliographical references.</subfield>
  </datafield>
  <datafield tag="505" ind1="0" ind2=" ">
    <subfield code="a">Increasing differences between firms: market power and the macroeconomy / John Van Reenen -- Understanding weak capital investment: the role of market concentration and intangibles / Nicolas Crouzet, Janice C. Eberly -- Panel on changing market structure and implications for monetary policy / Andrew G. Haldane, Antoinette Schoar, Chad Syverson -- Luncheon address: reflections on dwindling worker bargaining power and monetary policy / Alan B. Krueger -- More Amazon effects: online competition and pricing behaviors / Alberto F. Cavallo -- Competition, stability and efficiency in financial markets / Dean Corbae, Ross Levine -- Overview panel / Augustín Cartens, Stephen S. Ploz, Raghuram G. Rajan.</subfield>
  </datafield>
  <datafield tag="650" ind1=" " ind2="0">
    <subfield code="a">Economic policy</subfield>
    <subfield code="v">Congresses.</subfield>
  </datafield>
  <datafield tag="650" ind1=" " ind2="0">
    <subfield code="a">Monetary policy</subfield>
    <subfield code="v">Congresses.</subfield>
  </datafield>
  <datafield tag="650" ind1=" " ind2="0">
    <subfield code="a">Banks and banking</subfield>
    <subfield code="x">Government policy</subfield>
    <subfield code="v">Congresses.</subfield>
  </datafield>
  <datafield tag="650" ind1=" " ind2="0">
    <subfield code="a">Financial institutions</subfield>
    <subfield code="x">Government policy</subfield>
    <subfield code="v">Congresses.</subfield>
  </datafield>
  <datafield tag="650" ind1=" " ind2="0">
    <subfield code="a">Banks and banking, Central</subfield>
    <subfield code="v">Congresses.</subfield>
  </datafield>
  <datafield tag="710" ind1="2" ind2=" ">
    <subfield code="a">Federal Reserve Bank of Kansas City,</subfield>
    <subfield code="e">issuing body,</subfield>
    <subfield code="e">sponsoring body.</subfield>
  </datafield>
  <datafield tag="830" ind1=" " ind2="0">
    <subfield code="a">Symposium series (Federal Reserve Bank of Kansas City) ;</subfield>
    <subfield code="v">2018.</subfield>
  </datafield>
</record>