
<record>
  <leader>03753cam a2200577 i 4500</leader>
  <controlfield tag="001">21268232</controlfield>
  <controlfield tag="005">20200103133921.0</controlfield>
  <controlfield tag="008">191024s2019    nyu           000 1 eng d</controlfield>
  <datafield tag="906" ind1=" " ind2=" ">
    <subfield code="a">7</subfield>
    <subfield code="b">cbc</subfield>
    <subfield code="c">copycat</subfield>
    <subfield code="d">2</subfield>
    <subfield code="e">ncip</subfield>
    <subfield code="f">20</subfield>
    <subfield code="g">y-gencatlg</subfield>
  </datafield>
  <datafield tag="925" ind1="0" ind2=" ">
    <subfield code="a">acquire</subfield>
    <subfield code="b">1 shelf copy</subfield>
    <subfield code="x">policy default</subfield>
  </datafield>
  <datafield tag="955" ind1=" " ind2=" ">
    <subfield code="b">rn05 2019-10-24 z-processor 1 copy to USPRLL</subfield>
    <subfield code="i">xk36 2020-01-03 to CALM</subfield>
  </datafield>
  <datafield tag="010" ind1=" " ind2=" ">
    <subfield code="a">  2018278080</subfield>
  </datafield>
  <datafield tag="020" ind1=" " ind2=" ">
    <subfield code="a">9781476799421</subfield>
    <subfield code="q">(hardcover)</subfield>
  </datafield>
  <datafield tag="020" ind1=" " ind2=" ">
    <subfield code="z">9781476799452</subfield>
    <subfield code="q">(ebook)</subfield>
  </datafield>
  <datafield tag="035" ind1=" " ind2=" ">
    <subfield code="a">(OCoLC)on1119734997</subfield>
  </datafield>
  <datafield tag="040" ind1=" " ind2=" ">
    <subfield code="a">NjBwBT</subfield>
    <subfield code="b">eng</subfield>
    <subfield code="c">FMG</subfield>
    <subfield code="e">rda</subfield>
    <subfield code="d">FMG</subfield>
    <subfield code="d">OCLCO</subfield>
    <subfield code="d">OCLCQ</subfield>
    <subfield code="d">OCLCO</subfield>
    <subfield code="d">TCH</subfield>
    <subfield code="d">ACN</subfield>
    <subfield code="d">OCLCO</subfield>
    <subfield code="d">JAS</subfield>
    <subfield code="d">NZAUC</subfield>
    <subfield code="d">OCLCF</subfield>
    <subfield code="d">DLC</subfield>
  </datafield>
  <datafield tag="042" ind1=" " ind2=" ">
    <subfield code="a">lccopycat</subfield>
  </datafield>
  <datafield tag="050" ind1="0" ind2="0">
    <subfield code="a">PS3573.A42113</subfield>
    <subfield code="b">A6 2019</subfield>
  </datafield>
  <datafield tag="082" ind1="0" ind2="4">
    <subfield code="a">813/.54</subfield>
    <subfield code="2">23</subfield>
  </datafield>
  <datafield tag="100" ind1="1" ind2=" ">
    <subfield code="a">Walbert, Kate,</subfield>
    <subfield code="d">1961-</subfield>
    <subfield code="e">author.</subfield>
  </datafield>
  <datafield tag="240" ind1="1" ind2="0">
    <subfield code="a">Short stories.</subfield>
    <subfield code="k">Selections</subfield>
  </datafield>
  <datafield tag="245" ind1="1" ind2="0">
    <subfield code="a">She was like that :</subfield>
    <subfield code="b">new and selected stories /</subfield>
    <subfield code="c">Kate Walbert.</subfield>
  </datafield>
  <datafield tag="250" ind1=" " ind2=" ">
    <subfield code="a">First Scribner hardcover edition.</subfield>
  </datafield>
  <datafield tag="264" ind1=" " ind2="1">
    <subfield code="a">New York :</subfield>
    <subfield code="b">Scribner,</subfield>
    <subfield code="c">2019.</subfield>
  </datafield>
  <datafield tag="300" ind1=" " ind2=" ">
    <subfield code="a">ix, 241 pages ;</subfield>
    <subfield code="c">24 cm</subfield>
  </datafield>
  <datafield tag="336" ind1=" " ind2=" ">
    <subfield code="a">text</subfield>
    <subfield code="b">txt</subfield>
    <subfield code="2">rdacontent</subfield>
  </datafield>
  <datafield tag="337" ind1=" " ind2=" ">
    <subfield code="a">unmediated</subfield>
    <subfield code="b">n</subfield>
    <subfield code="2">rdamedia</subfield>
  </datafield>
  <datafield tag="338" ind1=" " ind2=" ">
    <subfield code="a">volume</subfield>
    <subfield code="b">nc</subfield>
    <subfield code="2">rdacarrier</subfield>
  </datafield>
  <datafield tag="505" ind1="0" ind2="0">
    <subfield code="t">M&amp;M World --</subfield>
    <subfield code="t">The blue hour --</subfield>
    <subfield code="t">Playdate --</subfield>
    <subfield code="t">Esperanza --</subfield>
    <subfield code="t">To do --</subfield>
    <subfield code="t">Paris, 1994 --</subfield>
    <subfield code="t">A mother is someone who tells jokes --</subfield>
    <subfield code="t">Conversation --</subfield>
    <subfield code="t">She was like that --</subfield>
    <subfield code="t">Slow the heart --</subfield>
    <subfield code="t">Do something --</subfield>
    <subfield code="t">Radical feminists.</subfield>
  </datafield>
  <datafield tag="520" ind1=" " ind2=" ">
    <subfield code="a">&quot;In these twelve deft, acutely funny and often heartbreaking stories, Kate Walbert delves into the hearts and minds of women. Her characters are searchers, uneasy in one way or another. They yearn for connection. They question the definitions assigned to them as wives, mothers, and daughters; they seek their own way within isolated, and often isolating, circumstances, reveling in small, everyday epiphanies and moments of clarity. In the riveting opening story &apos;M&amp;M World&apos;, a woman is plunged into panic when she briefly loses one of her daughters at the vast and over-stimulating Times Square store. In &apos;Slow the Heart&apos;. a single mother tries to ease tension at the dinner table with Roses and Thorns, the game she knows the Obamas played in the White House. In &apos;Radical Feminists&apos;, a woman skating with her two children encounters the man who derailed her career years earlier. And in the poignant, &apos;A Mother Is Someone Who Tells Jokes&apos;, a mother reflects on the nursery school project that preceded her son&apos;s autism diagnosis.&quot;--Provided by publisher.</subfield>
  </datafield>
  <datafield tag="650" ind1=" " ind2="7">
    <subfield code="a">FICTION / Literary.</subfield>
    <subfield code="2">bisacsh</subfield>
  </datafield>
  <datafield tag="650" ind1=" " ind2="7">
    <subfield code="a">FICTION / Short Stories (single author).</subfield>
    <subfield code="2">bisacsh</subfield>
  </datafield>
  <datafield tag="650" ind1=" " ind2="7">
    <subfield code="a">FICTION / Family Life / General.</subfield>
    <subfield code="2">bisacsh</subfield>
  </datafield>
  <datafield tag="650" ind1=" " ind2="7">
    <subfield code="a">Short stories, American.</subfield>
    <subfield code="2">fast</subfield>
    <subfield code="0">(OCoLC)fst01117064</subfield>
  </datafield>
  <datafield tag="650" ind1=" " ind2="7">
    <subfield code="a">Women.</subfield>
    <subfield code="2">fast</subfield>
    <subfield code="0">(OCoLC)fst01176568</subfield>
  </datafield>
  <datafield tag="655" ind1=" " ind2="7">
    <subfield code="a">Domestic fiction.</subfield>
    <subfield code="2">fast</subfield>
    <subfield code="0">(OCoLC)fst01726589</subfield>
  </datafield>
  <datafield tag="655" ind1=" " ind2="7">
    <subfield code="a">Fiction.</subfield>
    <subfield code="2">fast</subfield>
    <subfield code="0">(OCoLC)fst01423787</subfield>
  </datafield>
  <datafield tag="655" ind1=" " ind2="7">
    <subfield code="a">Short stories.</subfield>
    <subfield code="2">lcgft</subfield>
  </datafield>
  <datafield tag="655" ind1=" " ind2="7">
    <subfield code="a">Domestic fiction.</subfield>
    <subfield code="2">lcgft</subfield>
  </datafield>
  <datafield tag="655" ind1=" " ind2="7">
    <subfield code="a">Psychological fiction.</subfield>
    <subfield code="2">lcgft</subfield>
  </datafield>
  <datafield tag="700" ind1="1" ind2="2">
    <subfield code="a">Walbert, Kate,</subfield>
    <subfield code="d">1961-</subfield>
    <subfield code="t">M&amp;M World.</subfield>
    <subfield code="i">Container of (work):</subfield>
  </datafield>
  <datafield tag="700" ind1="1" ind2="2">
    <subfield code="a">Walbert, Kate,</subfield>
    <subfield code="d">1961-</subfield>
    <subfield code="t">Blue hour.</subfield>
    <subfield code="i">Container of (work):</subfield>
  </datafield>
  <datafield tag="700" ind1="1" ind2="2">
    <subfield code="a">Walbert, Kate,</subfield>
    <subfield code="d">1961-</subfield>
    <subfield code="t">Playdate.</subfield>
    <subfield code="i">Container of (work):</subfield>
  </datafield>
  <datafield tag="700" ind1="1" ind2="2">
    <subfield code="a">Walbert, Kate,</subfield>
    <subfield code="d">1961-</subfield>
    <subfield code="t">Esperanza.</subfield>
    <subfield code="i">Container of (work):</subfield>
  </datafield>
  <datafield tag="700" ind1="1" ind2="2">
    <subfield code="a">Walbert, Kate,</subfield>
    <subfield code="d">1961-</subfield>
    <subfield code="t">To do.</subfield>
    <subfield code="i">Container of (work):</subfield>
  </datafield>
  <datafield tag="700" ind1="1" ind2="2">
    <subfield code="a">Walbert, Kate,</subfield>
    <subfield code="d">1961-</subfield>
    <subfield code="t">Paris, 1994.</subfield>
    <subfield code="i">Container of (work):</subfield>
  </datafield>
  <datafield tag="700" ind1="1" ind2="2">
    <subfield code="a">Walbert, Kate,</subfield>
    <subfield code="d">1961-</subfield>
    <subfield code="t">Mother is someone who tells jokes.</subfield>
    <subfield code="i">Container of (work):</subfield>
  </datafield>
  <datafield tag="700" ind1="1" ind2="2">
    <subfield code="a">Walbert, Kate,</subfield>
    <subfield code="d">1961-</subfield>
    <subfield code="t">Conversation.</subfield>
    <subfield code="i">Container of (work):</subfield>
  </datafield>
  <datafield tag="700" ind1="1" ind2="2">
    <subfield code="a">Walbert, Kate,</subfield>
    <subfield code="d">1961-</subfield>
    <subfield code="t">Slow the heart.</subfield>
    <subfield code="i">Container of (work):</subfield>
  </datafield>
  <datafield tag="700" ind1="1" ind2="2">
    <subfield code="a">Walbert, Kate,</subfield>
    <subfield code="d">1961-</subfield>
    <subfield code="t">Do something.</subfield>
    <subfield code="i">Container of (work):</subfield>
  </datafield>
  <datafield tag="700" ind1="1" ind2="2">
    <subfield code="a">Walbert, Kate,</subfield>
    <subfield code="d">1961-</subfield>
    <subfield code="t">Radical feminists.</subfield>
    <subfield code="i">Container of (work):</subfield>
  </datafield>
</record>