
<record>
  <leader>02520cam a2200373 i 4500</leader>
  <controlfield tag="001">21272050</controlfield>
  <controlfield tag="005">20200103194047.0</controlfield>
  <controlfield tag="008">191021s2021    nyu      b    001 0 eng  </controlfield>
  <datafield tag="906" ind1=" " ind2=" ">
    <subfield code="a">7</subfield>
    <subfield code="b">cbc</subfield>
    <subfield code="c">orignew</subfield>
    <subfield code="d">1</subfield>
    <subfield code="e">ecip</subfield>
    <subfield code="f">20</subfield>
    <subfield code="g">y-gencatlg</subfield>
  </datafield>
  <datafield tag="925" ind1="0" ind2=" ">
    <subfield code="a">acquire</subfield>
    <subfield code="b">1 shelf copy</subfield>
    <subfield code="x">policy default</subfield>
  </datafield>
  <datafield tag="955" ind1=" " ind2=" ">
    <subfield code="b">LBSOR 2019-10-18</subfield>
    <subfield code="e">rm04 2019-10-2 8 to Dewey</subfield>
    <subfield code="w">xm07 2019-10-28</subfield>
    <subfield code="a">xn17 2019-11-20 1 copy rec&apos;d., to CIP ver.</subfield>
    <subfield code="f">rm16 2020-01-03 to BCCD</subfield>
  </datafield>
  <datafield tag="010" ind1=" " ind2=" ">
    <subfield code="a">  2019029900</subfield>
  </datafield>
  <datafield tag="020" ind1=" " ind2=" ">
    <subfield code="a">9780826143020</subfield>
    <subfield code="q">(paperback)</subfield>
  </datafield>
  <datafield tag="020" ind1=" " ind2=" ">
    <subfield code="a">9780826143075</subfield>
    <subfield code="q">(instructor&apos;s manual)</subfield>
  </datafield>
  <datafield tag="020" ind1=" " ind2=" ">
    <subfield code="z">9780826143037</subfield>
    <subfield code="q">(ebook)</subfield>
  </datafield>
  <datafield tag="020" ind1=" " ind2=" ">
    <subfield code="z">9780826143082</subfield>
    <subfield code="q">(instructor&apos;s PowerPoints)</subfield>
  </datafield>
  <datafield tag="040" ind1=" " ind2=" ">
    <subfield code="a">LBSOR/DLC</subfield>
    <subfield code="b">eng</subfield>
    <subfield code="c">DLC</subfield>
    <subfield code="e">rda</subfield>
    <subfield code="d">DLC</subfield>
  </datafield>
  <datafield tag="042" ind1=" " ind2=" ">
    <subfield code="a">pcc</subfield>
  </datafield>
  <datafield tag="050" ind1="0" ind2="0">
    <subfield code="a">BF636.65</subfield>
    <subfield code="b">.H63 2021</subfield>
  </datafield>
  <datafield tag="082" ind1="0" ind2="0">
    <subfield code="a">361/.0607155</subfield>
    <subfield code="2">23</subfield>
  </datafield>
  <datafield tag="100" ind1="1" ind2=" ">
    <subfield code="a">Hodges, Shannon,</subfield>
    <subfield code="e">author.</subfield>
  </datafield>
  <datafield tag="245" ind1="1" ind2="4">
    <subfield code="a">The counseling practicum and internship manual :</subfield>
    <subfield code="b">a resource for graduate counseling students /</subfield>
    <subfield code="c">Shannon Hodges, PhD, LMHC, NCC, ACS.</subfield>
  </datafield>
  <datafield tag="250" ind1=" " ind2=" ">
    <subfield code="a">Third edition.</subfield>
  </datafield>
  <datafield tag="264" ind1=" " ind2="1">
    <subfield code="a">New York :</subfield>
    <subfield code="b">Springer Publishing Company, LLC,</subfield>
    <subfield code="c">[2021]</subfield>
  </datafield>
  <datafield tag="300" ind1=" " ind2=" ">
    <subfield code="a">xv, 397 pages ;</subfield>
    <subfield code="c">25 cm</subfield>
  </datafield>
  <datafield tag="336" ind1=" " ind2=" ">
    <subfield code="a">text</subfield>
    <subfield code="b">txt</subfield>
    <subfield code="2">rdacontent</subfield>
  </datafield>
  <datafield tag="337" ind1=" " ind2=" ">
    <subfield code="a">unmediated</subfield>
    <subfield code="b">n</subfield>
    <subfield code="2">rdamedia</subfield>
  </datafield>
  <datafield tag="338" ind1=" " ind2=" ">
    <subfield code="a">volume</subfield>
    <subfield code="b">nc</subfield>
    <subfield code="2">rdacarrier</subfield>
  </datafield>
  <datafield tag="504" ind1=" " ind2=" ">
    <subfield code="a">Includes bibliographical references and index.</subfield>
  </datafield>
  <datafield tag="520" ind1=" " ind2=" ">
    <subfield code="a">&quot;The intention of this book is to offer a counselor&apos;s practicum and internship manual targeted at and to be used specifically in graduate counselor education programs. Written by a professional counselor and counselor educator who has supervised numerous professional counselors in the field as well as graduate counseling students, it strives to make a distinction between the counseling profession and the related fields of psychology and social work. Of the three professions, counseling is the only one that trains students primarily in the practice of counseling. Although psychology and social work programs certainly do an excellent job in educating and training future psychologists and social workers, counseling is an ancillary, as opposed to a primary, function for professionals in those fields. This text is written for students in graduate counseling programs&quot;--</subfield>
    <subfield code="c">Provided by publisher.</subfield>
  </datafield>
  <datafield tag="650" ind1=" " ind2="0">
    <subfield code="a">Counseling</subfield>
    <subfield code="x">Study and teaching (Internship)</subfield>
  </datafield>
  <datafield tag="650" ind1=" " ind2="0">
    <subfield code="a">Counseling</subfield>
    <subfield code="x">Vocational guidance.</subfield>
  </datafield>
  <datafield tag="776" ind1="0" ind2="8">
    <subfield code="i">Online version:</subfield>
    <subfield code="a">Hodges, Shannon.</subfield>
    <subfield code="t">Counseling practicum and internship manual.</subfield>
    <subfield code="b">Third edition.</subfield>
    <subfield code="d">New York, NY : Springer Publishing Company, LLC, [2020]</subfield>
    <subfield code="z">9780826143037</subfield>
    <subfield code="w">(DLC)  2019029901</subfield>
  </datafield>
  <datafield tag="985" ind1=" " ind2=" ">
    <subfield code="a">LBSORCIP</subfield>
    <subfield code="d">2019-10-18</subfield>
  </datafield>
</record>